[
  {
    "hash": "0x04ceeec42f56eb5c0f7da01679a1aa75a60126574935a469e4f48c520867a94b",
    "type": "sell",
    "sender": "0xf1F3b64305E5cC19a949e256f029AfBDbf63e15e",
    "recipient": "0xBb7EfF3E685c6564F2F09DD90b6C05754E3BDAC0",
    "amount": "10.0",
    "amountRaw": "10000000000000000000",
    "price": 0,
    "amountUSD": "0",
    "tokenAddress": "0x760AfE86e5de5fa0Ee542fc7B7B713e1c5425701",
    "tokenSymbol": "NOMA",
    "poolAddress": "0xBb7EfF3E685c6564F2F09DD90b6C05754E3BDAC0",
    "blockNumber": 34871972,
    "gasUsed": "296329",
    "timestamp": "2025-09-03T16:36:12.666Z",
    "id": "57edad9d-d1a4-4742-bd94-c26c8ba23fef"
  },
  {
    "hash": "0xb73209849935ce469b4558f3b32a525eeb79a69c03415fc0b460dcb9d81919d5",
    "type": "sell",
    "sender": "0xf1F3b64305E5cC19a949e256f029AfBDbf63e15e",
    "recipient": "0xBb7EfF3E685c6564F2F09DD90b6C05754E3BDAC0",
    "amount": "1.0",
    "amountRaw": "1000000000000000000",
    "price": 0,
    "amountUSD": "0",
    "tokenAddress": "0x760AfE86e5de5fa0Ee542fc7B7B713e1c5425701",
    "tokenSymbol": "NOMA",
    "poolAddress": "0xBb7EfF3E685c6564F2F09DD90b6C05754E3BDAC0",
    "blockNumber": 34873245,
    "gasUsed": "266616",
    "timestamp": "2025-09-03T16:45:06.012Z",
    "id": "c8e64846-74c3-4630-8d14-2536fb50b52e"
  },
  {
    "hash": "0xc12fbc646f4508e6e92bacef89388763f40fe5bdbfff38a59ab5e5b23e7cd451",
    "type": "buy",
    "sender": "0xBb7EfF3E685c6564F2F09DD90b6C05754E3BDAC0",
    "recipient": "0x492d8F3b347e412DF4F650AA5CCD415DA994c97b",
    "amount": "4.3638695431702134",
    "amountRaw": "4363869543170213400",
    "price": 0,
    "amountUSD": "0",
    "tokenAddress": "0x760AfE86e5de5fa0Ee542fc7B7B713e1c5425701",
    "tokenSymbol": "NOMA",
    "poolAddress": "0xBb7EfF3E685c6564F2F09DD90b6C05754E3BDAC0",
    "blockNumber": 34877523,
    "gasUsed": "336754",
    "timestamp": "2025-09-03T17:14:55.526Z",
    "id": "27a81c09-702d-4967-b486-baf9a5ffda2e"
  },
  {
    "hash": "0x2c984ec14aefc24488fc7b2c047c8f59562098ea16ec248088a8f9c92ae4cbab",
    "type": "sell",
    "sender": "0x492d8F3b347e412DF4F650AA5CCD415DA994c97b",
    "recipient": "0xBb7EfF3E685c6564F2F09DD90b6C05754E3BDAC0",
    "amount": "12.0",
    "amountRaw": "12000000000000000000",
    "price": 0,
    "amountUSD": "0",
    "tokenAddress": "0x760AfE86e5de5fa0Ee542fc7B7B713e1c5425701",
    "tokenSymbol": "NOMA",
    "poolAddress": "0xBb7EfF3E685c6564F2F09DD90b6C05754E3BDAC0",
    "blockNumber": 34877646,
    "gasUsed": "299046",
    "timestamp": "2025-09-03T17:15:45.169Z",
    "id": "79181119-4393-4920-b891-c49686654a2e"
  },
  {
    "hash": "0xa65f3d381f825ea660656d6fa021652b556476d467663a54207f8ef2e7172c79",
    "type": "buy",
    "sender": "0xBb7EfF3E685c6564F2F09DD90b6C05754E3BDAC0",
    "recipient": "0x492d8F3b347e412DF4F650AA5CCD415DA994c97b",
    "amount": "2.958969514284517556",
    "amountRaw": "2958969514284517556",
    "price": 0,
    "amountUSD": "0",
    "tokenAddress": "0x760AfE86e5de5fa0Ee542fc7B7B713e1c5425701",
    "tokenSymbol": "NOMA",
    "poolAddress": "0xBb7EfF3E685c6564F2F09DD90b6C05754E3BDAC0",
    "blockNumber": 34878048,
    "gasUsed": "306360",
    "timestamp": "2025-09-03T17:18:33.645Z",
    "id": "7002ab99-8ce2-4448-ae9c-08ee0419089f"
  },
  {
    "hash": "0x927b5aba1197cdf13f54b480e7ae80a9af2376ab16d3be9d88f3ef8cb7dd1f68",
    "type": "buy",
    "sender": "0xBb7EfF3E685c6564F2F09DD90b6C05754E3BDAC0",
    "recipient": "0x492d8F3b347e412DF4F650AA5CCD415DA994c97b",
    "amount": "2.571032627273973883",
    "amountRaw": "2571032627273973883",
    "price": 0,
    "amountUSD": "0",
    "tokenAddress": "0x760AfE86e5de5fa0Ee542fc7B7B713e1c5425701",
    "tokenSymbol": "NOMA",
    "poolAddress": "0xBb7EfF3E685c6564F2F09DD90b6C05754E3BDAC0",
    "blockNumber": 34878105,
    "gasUsed": "306692",
    "timestamp": "2025-09-03T17:18:57.955Z",
    "id": "7edede43-7c25-406c-961c-df6658777811"
  },
  {
    "hash": "0x200ba94f3cd53eef2067ac4238f7de8dad2a95e7061e9874ccc22a370a74d7ee",
    "type": "buy",
    "sender": "0xBb7EfF3E685c6564F2F09DD90b6C05754E3BDAC0",
    "recipient": "0x492d8F3b347e412DF4F650AA5CCD415DA994c97b",
    "amount": "3.211198152695105512",
    "amountRaw": "3211198152695105512",
    "price": 0,
    "amountUSD": "0",
    "tokenAddress": "0x760AfE86e5de5fa0Ee542fc7B7B713e1c5425701",
    "tokenSymbol": "NOMA",
    "poolAddress": "0xBb7EfF3E685c6564F2F09DD90b6C05754E3BDAC0",
    "blockNumber": 34880688,
    "gasUsed": "305571",
    "timestamp": "2025-09-03T17:37:00.781Z",
    "id": "37c3e7af-aad4-48a8-884b-404c69b0ab3c"
  },
  {
    "hash": "0xe3c3b5bde8ce84c07b71bee48c40c0808fc06b75b606d1e9c68a1747b7c14600",
    "type": "buy",
    "sender": "0xBb7EfF3E685c6564F2F09DD90b6C05754E3BDAC0",
    "recipient": "0x492d8F3b347e412DF4F650AA5CCD415DA994c97b",
    "amount": "9.614901097005908836",
    "amountRaw": "9614901097005908836",
    "price": 0,
    "amountUSD": "0",
    "tokenAddress": "0x760AfE86e5de5fa0Ee542fc7B7B713e1c5425701",
    "tokenSymbol": "NOMA",
    "poolAddress": "0xBb7EfF3E685c6564F2F09DD90b6C05754E3BDAC0",
    "blockNumber": 34881142,
    "gasUsed": "336885",
    "timestamp": "2025-09-03T17:40:22.286Z",
    "id": "5e234864-5eff-447c-80f4-166a21dcd152"
  },
  {
    "hash": "0x656e21d156f92598110f26e58d48bd069cc062d5df28bf74b04903aaf460de50",
    "type": "buy",
    "sender": "0xBb7EfF3E685c6564F2F09DD90b6C05754E3BDAC0",
    "recipient": "0xcC91EB5D1AB2D577a64ACD71F0AA9C5cAf35D111",
    "traderAddress": "0xcC91EB5D1AB2D577a64ACD71F0AA9C5cAf35D111",
    "routerSender": "0x492d8F3b347e412DF4F650AA5CCD415DA994c97b",
    "routerRecipient": "0xcC91EB5D1AB2D577a64ACD71F0AA9C5cAf35D111",
    "amount": "7764.14814211424434901",
    "amountRaw": "7764148142114244349010",
    "price": 0.00012843084182511777,
    "amountUSD": "1.00",
    "tokenAddress": "0x760AfE86e5de5fa0Ee542fc7B7B713e1c5425701",
    "tokenSymbol": "NOMA",
    "poolAddress": "0xBb7EfF3E685c6564F2F09DD90b6C05754E3BDAC0",
    "blockNumber": 34884121,
    "gasUsed": "267875",
    "timestamp": "2025-09-03T18:00:45.110Z",
    "id": "fb6b335d-4e1a-4af4-ac57-a7256ec8fca3"
  },
  {
    "hash": "0x894014b8e0df253adeeb6378878193bbe38cba7c6aa7a4f3e39e962de875e03e",
    "type": "buy",
    "sender": "0xBb7EfF3E685c6564F2F09DD90b6C05754E3BDAC0",
    "recipient": "0x98f2243e853afE7D8AC5Ddbc32Ba167E8B5f1bBd",
    "traderAddress": "0x98f2243e853afE7D8AC5Ddbc32Ba167E8B5f1bBd",
    "routerSender": "0x492d8F3b347e412DF4F650AA5CCD415DA994c97b",
    "routerRecipient": "0x98f2243e853afE7D8AC5Ddbc32Ba167E8B5f1bBd",
    "amount": "147073.748575578673080491",
    "amountRaw": "147073748575578673080491",
    "price": 0.00012914826890796004,
    "amountUSD": "18.99",
    "tokenAddress": "0x760AfE86e5de5fa0Ee542fc7B7B713e1c5425701",
    "tokenSymbol": "NOMA",
    "poolAddress": "0xBb7EfF3E685c6564F2F09DD90b6C05754E3BDAC0",
    "blockNumber": 34884356,
    "gasUsed": "298963",
    "timestamp": "2025-09-03T18:02:30.178Z",
    "id": "b9bf5914-eae9-4ea9-acfd-c0e3f04f525e"
  },
  {
    "hash": "0x9376e98a67ff14eaee2682740a87f69491e375abf4db1d39acc92b60392bba13",
    "type": "sell",
    "sender": "0x12e30FcC16B741a08cCf066074F0547F3ce79F32",
    "recipient": "0xBb7EfF3E685c6564F2F09DD90b6C05754E3BDAC0",
    "traderAddress": "0x12e30FcC16B741a08cCf066074F0547F3ce79F32",
    "routerSender": "0x492d8F3b347e412DF4F650AA5CCD415DA994c97b",
    "routerRecipient": "0x12e30FcC16B741a08cCf066074F0547F3ce79F32",
    "amount": "1024.632299999999986539",
    "amountRaw": "1024632299999999986539",
    "price": 0.0001291435176241482,
    "amountUSD": "0.13",
    "tokenAddress": "0x760AfE86e5de5fa0Ee542fc7B7B713e1c5425701",
    "tokenSymbol": "NOMA",
    "poolAddress": "0xBb7EfF3E685c6564F2F09DD90b6C05754E3BDAC0",
    "blockNumber": 34887307,
    "gasUsed": "271145",
    "timestamp": "2025-09-03T18:22:58.905Z",
    "id": "ad5d65ca-d3d5-4bf0-be9c-3a76500e16ff"
  },
  {
    "hash": "0x99974d79d9aa74ce63e83a00368f2f2997615d4deab87ead8e39f4eed88a2ac5",
    "type": "sell",
    "sender": "0xcC91EB5D1AB2D577a64ACD71F0AA9C5cAf35D111",
    "recipient": "0xBb7EfF3E685c6564F2F09DD90b6C05754E3BDAC0",
    "traderAddress": "0xcC91EB5D1AB2D577a64ACD71F0AA9C5cAf35D111",
    "routerSender": "0x492d8F3b347e412DF4F650AA5CCD415DA994c97b",
    "routerRecipient": "0x492d8F3b347e412DF4F650AA5CCD415DA994c97b",
    "amount": "7764.996600000000398722",
    "amountRaw": "7764996600000000398722",
    "price": 0.0001291075193721723,
    "amountUSD": "1.00",
    "tokenAddress": "0x760AfE86e5de5fa0Ee542fc7B7B713e1c5425701",
    "tokenSymbol": "NOMA",
    "poolAddress": "0xBb7EfF3E685c6564F2F09DD90b6C05754E3BDAC0",
    "blockNumber": 34887457,
    "gasUsed": "306602",
    "timestamp": "2025-09-03T18:24:06.040Z",
    "id": "cf96c5b7-7024-4433-a9b8-672b94f8a8f0"
  },
  {
    "hash": "0x32020169ec68b794ef60caf3edb3c70f901eb13f937c85baf106d6fb19c51adb",
    "type": "sell",
    "sender": "0x98f2243e853afE7D8AC5Ddbc32Ba167E8B5f1bBd",
    "recipient": "0xBb7EfF3E685c6564F2F09DD90b6C05754E3BDAC0",
    "traderAddress": "0x98f2243e853afE7D8AC5Ddbc32Ba167E8B5f1bBd",
    "routerSender": "0x492d8F3b347e412DF4F650AA5CCD415DA994c97b",
    "routerRecipient": "0x492d8F3b347e412DF4F650AA5CCD415DA994c97b",
    "amount": "197176.176000000006752089",
    "amountRaw": "197176176000000006752089",
    "price": 0.00012813384907137102,
    "amountUSD": "25.26",
    "tokenAddress": "0x760AfE86e5de5fa0Ee542fc7B7B713e1c5425701",
    "tokenSymbol": "NOMA",
    "poolAddress": "0xBb7EfF3E685c6564F2F09DD90b6C05754E3BDAC0",
    "blockNumber": 34887580,
    "gasUsed": "336781",
    "timestamp": "2025-09-03T18:24:48.414Z",
    "id": "ccc72fd9-fd4e-465b-87e0-e0790e4999e1"
  }
]