[
  {
    "hash": "0x04ceeec42f56eb5c0f7da01679a1aa75a60126574935a469e4f48c520867a94b",
    "type": "sell",
    "sender": "0xf1F3b64305E5cC19a949e256f029AfBDbf63e15e",
    "recipient": "0xBb7EfF3E685c6564F2F09DD90b6C05754E3BDAC0",
    "amount": "10.0",
    "amountRaw": "10000000000000000000",
    "price": 0,
    "amountUSD": "0",
    "tokenAddress": "0x760AfE86e5de5fa0Ee542fc7B7B713e1c5425701",
    "tokenSymbol": "NOMA",
    "poolAddress": "0xBb7EfF3E685c6564F2F09DD90b6C05754E3BDAC0",
    "blockNumber": 34871972,
    "gasUsed": "296329",
    "timestamp": "2025-09-03T16:36:12.666Z",
    "id": "57edad9d-d1a4-4742-bd94-c26c8ba23fef"
  },
  {
    "hash": "0xb73209849935ce469b4558f3b32a525eeb79a69c03415fc0b460dcb9d81919d5",
    "type": "sell",
    "sender": "0xf1F3b64305E5cC19a949e256f029AfBDbf63e15e",
    "recipient": "0xBb7EfF3E685c6564F2F09DD90b6C05754E3BDAC0",
    "amount": "1.0",
    "amountRaw": "1000000000000000000",
    "price": 0,
    "amountUSD": "0",
    "tokenAddress": "0x760AfE86e5de5fa0Ee542fc7B7B713e1c5425701",
    "tokenSymbol": "NOMA",
    "poolAddress": "0xBb7EfF3E685c6564F2F09DD90b6C05754E3BDAC0",
    "blockNumber": 34873245,
    "gasUsed": "266616",
    "timestamp": "2025-09-03T16:45:06.012Z",
    "id": "c8e64846-74c3-4630-8d14-2536fb50b52e"
  },
  {
    "hash": "0xc12fbc646f4508e6e92bacef89388763f40fe5bdbfff38a59ab5e5b23e7cd451",
    "type": "buy",
    "sender": "0xBb7EfF3E685c6564F2F09DD90b6C05754E3BDAC0",
    "recipient": "0x492d8F3b347e412DF4F650AA5CCD415DA994c97b",
    "amount": "4.3638695431702134",
    "amountRaw": "4363869543170213400",
    "price": 0,
    "amountUSD": "0",
    "tokenAddress": "0x760AfE86e5de5fa0Ee542fc7B7B713e1c5425701",
    "tokenSymbol": "NOMA",
    "poolAddress": "0xBb7EfF3E685c6564F2F09DD90b6C05754E3BDAC0",
    "blockNumber": 34877523,
    "gasUsed": "336754",
    "timestamp": "2025-09-03T17:14:55.526Z",
    "id": "27a81c09-702d-4967-b486-baf9a5ffda2e"
  },
  {
    "hash": "0x2c984ec14aefc24488fc7b2c047c8f59562098ea16ec248088a8f9c92ae4cbab",
    "type": "sell",
    "sender": "0x492d8F3b347e412DF4F650AA5CCD415DA994c97b",
    "recipient": "0xBb7EfF3E685c6564F2F09DD90b6C05754E3BDAC0",
    "amount": "12.0",
    "amountRaw": "12000000000000000000",
    "price": 0,
    "amountUSD": "0",
    "tokenAddress": "0x760AfE86e5de5fa0Ee542fc7B7B713e1c5425701",
    "tokenSymbol": "NOMA",
    "poolAddress": "0xBb7EfF3E685c6564F2F09DD90b6C05754E3BDAC0",
    "blockNumber": 34877646,
    "gasUsed": "299046",
    "timestamp": "2025-09-03T17:15:45.169Z",
    "id": "79181119-4393-4920-b891-c49686654a2e"
  },
  {
    "hash": "0xa65f3d381f825ea660656d6fa021652b556476d467663a54207f8ef2e7172c79",
    "type": "buy",
    "sender": "0xBb7EfF3E685c6564F2F09DD90b6C05754E3BDAC0",
    "recipient": "0x492d8F3b347e412DF4F650AA5CCD415DA994c97b",
    "amount": "2.958969514284517556",
    "amountRaw": "2958969514284517556",
    "price": 0,
    "amountUSD": "0",
    "tokenAddress": "0x760AfE86e5de5fa0Ee542fc7B7B713e1c5425701",
    "tokenSymbol": "NOMA",
    "poolAddress": "0xBb7EfF3E685c6564F2F09DD90b6C05754E3BDAC0",
    "blockNumber": 34878048,
    "gasUsed": "306360",
    "timestamp": "2025-09-03T17:18:33.645Z",
    "id": "7002ab99-8ce2-4448-ae9c-08ee0419089f"
  },
  {
    "hash": "0x927b5aba1197cdf13f54b480e7ae80a9af2376ab16d3be9d88f3ef8cb7dd1f68",
    "type": "buy",
    "sender": "0xBb7EfF3E685c6564F2F09DD90b6C05754E3BDAC0",
    "recipient": "0x492d8F3b347e412DF4F650AA5CCD415DA994c97b",
    "amount": "2.571032627273973883",
    "amountRaw": "2571032627273973883",
    "price": 0,
    "amountUSD": "0",
    "tokenAddress": "0x760AfE86e5de5fa0Ee542fc7B7B713e1c5425701",
    "tokenSymbol": "NOMA",
    "poolAddress": "0xBb7EfF3E685c6564F2F09DD90b6C05754E3BDAC0",
    "blockNumber": 34878105,
    "gasUsed": "306692",
    "timestamp": "2025-09-03T17:18:57.955Z",
    "id": "7edede43-7c25-406c-961c-df6658777811"
  },
  {
    "hash": "0x200ba94f3cd53eef2067ac4238f7de8dad2a95e7061e9874ccc22a370a74d7ee",
    "type": "buy",
    "sender": "0xBb7EfF3E685c6564F2F09DD90b6C05754E3BDAC0",
    "recipient": "0x492d8F3b347e412DF4F650AA5CCD415DA994c97b",
    "amount": "3.211198152695105512",
    "amountRaw": "3211198152695105512",
    "price": 0,
    "amountUSD": "0",
    "tokenAddress": "0x760AfE86e5de5fa0Ee542fc7B7B713e1c5425701",
    "tokenSymbol": "NOMA",
    "poolAddress": "0xBb7EfF3E685c6564F2F09DD90b6C05754E3BDAC0",
    "blockNumber": 34880688,
    "gasUsed": "305571",
    "timestamp": "2025-09-03T17:37:00.781Z",
    "id": "37c3e7af-aad4-48a8-884b-404c69b0ab3c"
  },
  {
    "hash": "0xe3c3b5bde8ce84c07b71bee48c40c0808fc06b75b606d1e9c68a1747b7c14600",
    "type": "buy",
    "sender": "0xBb7EfF3E685c6564F2F09DD90b6C05754E3BDAC0",
    "recipient": "0x492d8F3b347e412DF4F650AA5CCD415DA994c97b",
    "amount": "9.614901097005908836",
    "amountRaw": "9614901097005908836",
    "price": 0,
    "amountUSD": "0",
    "tokenAddress": "0x760AfE86e5de5fa0Ee542fc7B7B713e1c5425701",
    "tokenSymbol": "NOMA",
    "poolAddress": "0xBb7EfF3E685c6564F2F09DD90b6C05754E3BDAC0",
    "blockNumber": 34881142,
    "gasUsed": "336885",
    "timestamp": "2025-09-03T17:40:22.286Z",
    "id": "5e234864-5eff-447c-80f4-166a21dcd152"
  },
  {
    "hash": "0x656e21d156f92598110f26e58d48bd069cc062d5df28bf74b04903aaf460de50",
    "type": "buy",
    "sender": "0xBb7EfF3E685c6564F2F09DD90b6C05754E3BDAC0",
    "recipient": "0xcC91EB5D1AB2D577a64ACD71F0AA9C5cAf35D111",
    "traderAddress": "0xcC91EB5D1AB2D577a64ACD71F0AA9C5cAf35D111",
    "routerSender": "0x492d8F3b347e412DF4F650AA5CCD415DA994c97b",
    "routerRecipient": "0xcC91EB5D1AB2D577a64ACD71F0AA9C5cAf35D111",
    "amount": "7764.14814211424434901",
    "amountRaw": "7764148142114244349010",
    "price": 0.00012843084182511777,
    "amountUSD": "1.00",
    "tokenAddress": "0x760AfE86e5de5fa0Ee542fc7B7B713e1c5425701",
    "tokenSymbol": "NOMA",
    "poolAddress": "0xBb7EfF3E685c6564F2F09DD90b6C05754E3BDAC0",
    "blockNumber": 34884121,
    "gasUsed": "267875",
    "timestamp": "2025-09-03T18:00:45.110Z",
    "id": "fb6b335d-4e1a-4af4-ac57-a7256ec8fca3"
  },
  {
    "hash": "0x894014b8e0df253adeeb6378878193bbe38cba7c6aa7a4f3e39e962de875e03e",
    "type": "buy",
    "sender": "0xBb7EfF3E685c6564F2F09DD90b6C05754E3BDAC0",
    "recipient": "0x98f2243e853afE7D8AC5Ddbc32Ba167E8B5f1bBd",
    "traderAddress": "0x98f2243e853afE7D8AC5Ddbc32Ba167E8B5f1bBd",
    "routerSender": "0x492d8F3b347e412DF4F650AA5CCD415DA994c97b",
    "routerRecipient": "0x98f2243e853afE7D8AC5Ddbc32Ba167E8B5f1bBd",
    "amount": "147073.748575578673080491",
    "amountRaw": "147073748575578673080491",
    "price": 0.00012914826890796004,
    "amountUSD": "18.99",
    "tokenAddress": "0x760AfE86e5de5fa0Ee542fc7B7B713e1c5425701",
    "tokenSymbol": "NOMA",
    "poolAddress": "0xBb7EfF3E685c6564F2F09DD90b6C05754E3BDAC0",
    "blockNumber": 34884356,
    "gasUsed": "298963",
    "timestamp": "2025-09-03T18:02:30.178Z",
    "id": "b9bf5914-eae9-4ea9-acfd-c0e3f04f525e"
  },
  {
    "hash": "0x9376e98a67ff14eaee2682740a87f69491e375abf4db1d39acc92b60392bba13",
    "type": "sell",
    "sender": "0x12e30FcC16B741a08cCf066074F0547F3ce79F32",
    "recipient": "0xBb7EfF3E685c6564F2F09DD90b6C05754E3BDAC0",
    "traderAddress": "0x12e30FcC16B741a08cCf066074F0547F3ce79F32",
    "routerSender": "0x492d8F3b347e412DF4F650AA5CCD415DA994c97b",
    "routerRecipient": "0x12e30FcC16B741a08cCf066074F0547F3ce79F32",
    "amount": "1024.632299999999986539",
    "amountRaw": "1024632299999999986539",
    "price": 0.0001291435176241482,
    "amountUSD": "0.13",
    "tokenAddress": "0x760AfE86e5de5fa0Ee542fc7B7B713e1c5425701",
    "tokenSymbol": "NOMA",
    "poolAddress": "0xBb7EfF3E685c6564F2F09DD90b6C05754E3BDAC0",
    "blockNumber": 34887307,
    "gasUsed": "271145",
    "timestamp": "2025-09-03T18:22:58.905Z",
    "id": "ad5d65ca-d3d5-4bf0-be9c-3a76500e16ff"
  },
  {
    "hash": "0x99974d79d9aa74ce63e83a00368f2f2997615d4deab87ead8e39f4eed88a2ac5",
    "type": "sell",
    "sender": "0xcC91EB5D1AB2D577a64ACD71F0AA9C5cAf35D111",
    "recipient": "0xBb7EfF3E685c6564F2F09DD90b6C05754E3BDAC0",
    "traderAddress": "0xcC91EB5D1AB2D577a64ACD71F0AA9C5cAf35D111",
    "routerSender": "0x492d8F3b347e412DF4F650AA5CCD415DA994c97b",
    "routerRecipient": "0x492d8F3b347e412DF4F650AA5CCD415DA994c97b",
    "amount": "7764.996600000000398722",
    "amountRaw": "7764996600000000398722",
    "price": 0.0001291075193721723,
    "amountUSD": "1.00",
    "tokenAddress": "0x760AfE86e5de5fa0Ee542fc7B7B713e1c5425701",
    "tokenSymbol": "NOMA",
    "poolAddress": "0xBb7EfF3E685c6564F2F09DD90b6C05754E3BDAC0",
    "blockNumber": 34887457,
    "gasUsed": "306602",
    "timestamp": "2025-09-03T18:24:06.040Z",
    "id": "cf96c5b7-7024-4433-a9b8-672b94f8a8f0"
  },
  {
    "hash": "0x32020169ec68b794ef60caf3edb3c70f901eb13f937c85baf106d6fb19c51adb",
    "type": "sell",
    "sender": "0x98f2243e853afE7D8AC5Ddbc32Ba167E8B5f1bBd",
    "recipient": "0xBb7EfF3E685c6564F2F09DD90b6C05754E3BDAC0",
    "traderAddress": "0x98f2243e853afE7D8AC5Ddbc32Ba167E8B5f1bBd",
    "routerSender": "0x492d8F3b347e412DF4F650AA5CCD415DA994c97b",
    "routerRecipient": "0x492d8F3b347e412DF4F650AA5CCD415DA994c97b",
    "amount": "197176.176000000006752089",
    "amountRaw": "197176176000000006752089",
    "price": 0.00012813384907137102,
    "amountUSD": "25.26",
    "tokenAddress": "0x760AfE86e5de5fa0Ee542fc7B7B713e1c5425701",
    "tokenSymbol": "NOMA",
    "poolAddress": "0xBb7EfF3E685c6564F2F09DD90b6C05754E3BDAC0",
    "blockNumber": 34887580,
    "gasUsed": "336781",
    "timestamp": "2025-09-03T18:24:48.414Z",
    "id": "ccc72fd9-fd4e-465b-87e0-e0790e4999e1"
  },
  {
    "hash": "0xe6bab8df785b1f203044a408485772a8cd8763fa484afcaffabeee6b9e4e7182",
    "type": "sell",
    "sender": "0x54302450bc0C3779bB2669F705afD5DEE19d64B5",
    "recipient": "0xBb7EfF3E685c6564F2F09DD90b6C05754E3BDAC0",
    "traderAddress": "0x54302450bc0C3779bB2669F705afD5DEE19d64B5",
    "routerSender": "0xf1F3b64305E5cC19a949e256f029AfBDbf63e15e",
    "routerRecipient": "0xf1F3b64305E5cC19a949e256f029AfBDbf63e15e",
    "amount": "4910.859570590686416836",
    "amountRaw": "4910859570590686416836",
    "price": 0.00012810875492026672,
    "amountUSD": "0.63",
    "tokenAddress": "0x760AfE86e5de5fa0Ee542fc7B7B713e1c5425701",
    "tokenSymbol": "NOMA",
    "poolAddress": "0xBb7EfF3E685c6564F2F09DD90b6C05754E3BDAC0",
    "blockNumber": 34910829,
    "gasUsed": "463935",
    "timestamp": "2025-09-03T21:06:20.672Z",
    "id": "ca156559-0f8c-47b5-9f87-b042dee10f9d"
  },
  {
    "hash": "0x45f3c77a13c99dd25d6e820ecf959d2e6544c41adb4a09d28777ab5f3024bbd3",
    "type": "sell",
    "sender": "0x54302450bc0C3779bB2669F705afD5DEE19d64B5",
    "recipient": "0xBb7EfF3E685c6564F2F09DD90b6C05754E3BDAC0",
    "traderAddress": "0x54302450bc0C3779bB2669F705afD5DEE19d64B5",
    "routerSender": "0xf1F3b64305E5cC19a949e256f029AfBDbf63e15e",
    "routerRecipient": "0xf1F3b64305E5cC19a949e256f029AfBDbf63e15e",
    "amount": "7813.0",
    "amountRaw": "7813000000000000000000",
    "price": 0.00012806884622432353,
    "amountUSD": "1.00",
    "tokenAddress": "0x760AfE86e5de5fa0Ee542fc7B7B713e1c5425701",
    "tokenSymbol": "NOMA",
    "poolAddress": "0xBb7EfF3E685c6564F2F09DD90b6C05754E3BDAC0",
    "blockNumber": 34950583,
    "gasUsed": "463927",
    "timestamp": "2025-09-04T01:42:33.505Z",
    "id": "13e00a51-e405-4725-bfef-c57d62189920"
  },
  {
    "hash": "0xc3f2fd027eb14b06abe9774c8027d43dcb3328e1de6d5948bcbb8829aa4f0263",
    "type": "sell",
    "sender": "0x98f2243e853afE7D8AC5Ddbc32Ba167E8B5f1bBd",
    "recipient": "0x90666407c841fe58358F3ed04a245c5F5bd6fD0A",
    "traderAddress": "0x98f2243e853afE7D8AC5Ddbc32Ba167E8B5f1bBd",
    "routerSender": "0xD82D7Bdd614bA07527351DE627C558Adbd0f7caE",
    "routerRecipient": "0x98f2243e853afE7D8AC5Ddbc32Ba167E8B5f1bBd",
    "amount": "10.0",
    "amountRaw": "10000000000000000000",
    "price": 0.00004710424079847466,
    "amountUSD": "0.00",
    "tokenAddress": "0x760AfE86e5de5fa0Ee542fc7B7B713e1c5425701",
    "tokenSymbol": "NOMA",
    "poolAddress": "0x90666407c841fe58358F3ed04a245c5F5bd6fD0A",
    "poolName": "BUN/WMON Uniswap",
    "protocol": "uniswap",
    "blockNumber": 36192988,
    "gasUsed": "212880",
    "timestamp": "2025-09-10T02:46:04.283Z",
    "id": "59c7fd5a-4269-4db3-972d-235a25015de3"
  },
  {
    "hash": "0xbef086b58446844e0004ead9653d9b0a03a09f009642673243836f46e6ac3a66",
    "type": "sell",
    "sender": "0x12e30FcC16B741a08cCf066074F0547F3ce79F32",
    "recipient": "0x90666407c841fe58358F3ed04a245c5F5bd6fD0A",
    "traderAddress": "0x12e30FcC16B741a08cCf066074F0547F3ce79F32",
    "routerSender": "0xD82D7Bdd614bA07527351DE627C558Adbd0f7caE",
    "routerRecipient": "0x12e30FcC16B741a08cCf066074F0547F3ce79F32",
    "amount": "2958.670108395556791149",
    "amountRaw": "2958670108395556791149",
    "price": 0.000047105076693678044,
    "amountUSD": "0.14",
    "tokenAddress": "0x0221668890fdad280767B5c7f2d2C78eC62eF94D",
    "tokenSymbol": "BUN",
    "poolAddress": "0x90666407c841fe58358F3ed04a245c5F5bd6fD0A",
    "poolName": "BUN/WMON Uniswap",
    "protocol": "uniswap",
    "blockNumber": 36195011,
    "gasUsed": "222920",
    "timestamp": "2025-09-10T03:00:40.456Z",
    "id": "4ed1f859-ef71-4ce8-87fa-60c3821b62dd"
  },
  {
    "hash": "0x7eb0f2c9a453063d9bfe5d508aadff6c3d815df61df08bcafca4cb0a8d0d26d1",
    "type": "buy",
    "sender": "0x90666407c841fe58358F3ed04a245c5F5bd6fD0A",
    "recipient": "0x98f2243e853afE7D8AC5Ddbc32Ba167E8B5f1bBd",
    "traderAddress": "0x98f2243e853afE7D8AC5Ddbc32Ba167E8B5f1bBd",
    "routerSender": "0xD82D7Bdd614bA07527351DE627C558Adbd0f7caE",
    "routerRecipient": "0xD82D7Bdd614bA07527351DE627C558Adbd0f7caE",
    "amount": "200000.0",
    "amountRaw": "200000000000000000000000",
    "price": 0.000047048791157418943,
    "amountUSD": "200000.00",
    "tokenAddress": "0x0221668890fdad280767B5c7f2d2C78eC62eF94D",
    "tokenSymbol": "BUN",
    "poolAddress": "0x90666407c841fe58358F3ed04a245c5F5bd6fD0A",
    "poolName": "BUN/WMON Uniswap",
    "protocol": "uniswap",
    "blockNumber": 36195212,
    "gasUsed": "248621",
    "timestamp": "2025-09-10T03:02:00.338Z",
    "id": "509703dc-33b7-4d7f-8dbd-bfafd8bc20f7"
  },
  {
    "hash": "0x54c687aba0c79796a664d99b0a12a0a7ce0256d090fa388460d87e59200d02de",
    "type": "sell",
    "sender": "0x54302450bc0C3779bB2669F705afD5DEE19d64B5",
    "recipient": "0x90666407c841fe58358F3ed04a245c5F5bd6fD0A",
    "traderAddress": "0x54302450bc0C3779bB2669F705afD5DEE19d64B5",
    "routerSender": "0xD82D7Bdd614bA07527351DE627C558Adbd0f7caE",
    "routerRecipient": "0x54302450bc0C3779bB2669F705afD5DEE19d64B5",
    "amount": "21189.421849413357613643",
    "amountRaw": "21189421849413357613643",
    "price": 0.00004705476759902363,
    "amountUSD": "1.00",
    "tokenAddress": "0x0221668890fdad280767B5c7f2d2C78eC62eF94D",
    "tokenSymbol": "BUN",
    "poolAddress": "0x90666407c841fe58358F3ed04a245c5F5bd6fD0A",
    "poolName": "BUN/WMON Uniswap",
    "protocol": "uniswap",
    "blockNumber": 36196359,
    "gasUsed": "319272",
    "timestamp": "2025-09-10T03:10:27.823Z",
    "id": "eeac4177-42c1-4a4d-b707-0551d756b25a"
  },
  {
    "hash": "0x737454cc6bcea3d965f9400a3ce134ccf2642a46410e2e7dacb77aaf4b140853",
    "type": "sell",
    "sender": "0x54302450bc0C3779bB2669F705afD5DEE19d64B5",
    "recipient": "0x90666407c841fe58358F3ed04a245c5F5bd6fD0A",
    "traderAddress": "0x54302450bc0C3779bB2669F705afD5DEE19d64B5",
    "routerSender": "0xD82D7Bdd614bA07527351DE627C558Adbd0f7caE",
    "routerRecipient": "0x54302450bc0C3779bB2669F705afD5DEE19d64B5",
    "amount": "10593.701696400151982669",
    "amountRaw": "10593701696400151982669",
    "price": 0.000047057755962160614,
    "amountUSD": "0.50",
    "tokenAddress": "0x0221668890fdad280767B5c7f2d2C78eC62eF94D",
    "tokenSymbol": "BUN",
    "poolAddress": "0x90666407c841fe58358F3ed04a245c5F5bd6fD0A",
    "poolName": "BUN/WMON Uniswap",
    "protocol": "uniswap",
    "blockNumber": 36196470,
    "gasUsed": "309178",
    "timestamp": "2025-09-10T03:11:13.928Z",
    "id": "21802564-890d-4553-b11b-c2df411a2df5"
  },
  {
    "hash": "0xbbd4f2a42ea5aed49484180166edacc93cfe543c80c3dbc67334e6ea82d48695",
    "type": "sell",
    "sender": "0x54302450bc0C3779bB2669F705afD5DEE19d64B5",
    "recipient": "0x90666407c841fe58358F3ed04a245c5F5bd6fD0A",
    "traderAddress": "0x54302450bc0C3779bB2669F705afD5DEE19d64B5",
    "routerSender": "0xD82D7Bdd614bA07527351DE627C558Adbd0f7caE",
    "routerRecipient": "0x54302450bc0C3779bB2669F705afD5DEE19d64B5",
    "amount": "84740.590958379586495682",
    "amountRaw": "84740590958379586495682",
    "price": 0.000047073227600933605,
    "amountUSD": "4.00",
    "tokenAddress": "0x0221668890fdad280767B5c7f2d2C78eC62eF94D",
    "tokenSymbol": "BUN",
    "poolAddress": "0x90666407c841fe58358F3ed04a245c5F5bd6fD0A",
    "poolName": "BUN/WMON Uniswap",
    "protocol": "uniswap",
    "blockNumber": 36196697,
    "gasUsed": "319266",
    "timestamp": "2025-09-10T03:12:51.201Z",
    "id": "7a6b56bc-e077-4f9c-911a-7ffb3f0eb2c6"
  },
  {
    "hash": "0x42539670b1842c39faf9088717d15da391826fba75cbe34850c0417908238ebc",
    "type": "sell",
    "sender": "0x98f2243e853afE7D8AC5Ddbc32Ba167E8B5f1bBd",
    "recipient": "0x8Eb5C457F7a29554536Dc964B3FaDA2961Dd8212",
    "traderAddress": "0x98f2243e853afE7D8AC5Ddbc32Ba167E8B5f1bBd",
    "routerSender": "0xD82D7Bdd614bA07527351DE627C558Adbd0f7caE",
    "routerRecipient": "0x98f2243e853afE7D8AC5Ddbc32Ba167E8B5f1bBd",
    "amount": "6388080.472537493736562152",
    "amountRaw": "6388080472537493736562152",
    "price": 0.000003129661119442163,
    "amountUSD": "20.00",
    "tokenAddress": "0x6b44B01922BCeF8A6db75B3147FB604c37a78b7F",
    "tokenSymbol": "AVO",
    "poolAddress": "0x8Eb5C457F7a29554536Dc964B3FaDA2961Dd8212",
    "poolName": "AVO/WMON PancakeSwap",
    "protocol": "pancakeswap",
    "blockNumber": 36196675,
    "gasUsed": "226780",
    "timestamp": "2025-09-10T03:12:53.361Z",
    "id": "a25d0047-5090-45a4-af4f-49ca76168489"
  },
  {
    "hash": "0x76746226c6cbadf2b3d4d1e72da6702315565f10bae20e83b678cc191a080d94",
    "type": "sell",
    "sender": "0x98f2243e853afE7D8AC5Ddbc32Ba167E8B5f1bBd",
    "recipient": "0x8Eb5C457F7a29554536Dc964B3FaDA2961Dd8212",
    "traderAddress": "0x98f2243e853afE7D8AC5Ddbc32Ba167E8B5f1bBd",
    "routerSender": "0xD82D7Bdd614bA07527351DE627C558Adbd0f7caE",
    "routerRecipient": "0x98f2243e853afE7D8AC5Ddbc32Ba167E8B5f1bBd",
    "amount": "3745282.129479377882282018",
    "amountRaw": "3745282129479377882282018",
    "price": 0.000003276062993339901,
    "amountUSD": "12.00",
    "tokenAddress": "0x6b44B01922BCeF8A6db75B3147FB604c37a78b7F",
    "tokenSymbol": "AVO",
    "poolAddress": "0x8Eb5C457F7a29554536Dc964B3FaDA2961Dd8212",
    "poolName": "AVO/WMON PancakeSwap",
    "protocol": "pancakeswap",
    "blockNumber": 36196755,
    "gasUsed": "257235",
    "timestamp": "2025-09-10T03:13:23.637Z",
    "id": "d0b32b31-4903-458a-8944-1f2d99df17d5"
  },
  {
    "hash": "0x1efe743850a9e95b562acee2d1b6af15a92ff38cff3ea58e1b523e0dfe1a1e51",
    "type": "buy",
    "sender": "0x90666407c841fe58358F3ed04a245c5F5bd6fD0A",
    "recipient": "0x54302450bc0C3779bB2669F705afD5DEE19d64B5",
    "traderAddress": "0x54302450bc0C3779bB2669F705afD5DEE19d64B5",
    "routerSender": "0xD82D7Bdd614bA07527351DE627C558Adbd0f7caE",
    "routerRecipient": "0xD82D7Bdd614bA07527351DE627C558Adbd0f7caE",
    "amount": "70000.0",
    "amountRaw": "70000000000000000000000",
    "price": 0.00004705353616530615,
    "amountUSD": "70000.00",
    "tokenAddress": "0x0221668890fdad280767B5c7f2d2C78eC62eF94D",
    "tokenSymbol": "BUN",
    "poolAddress": "0x90666407c841fe58358F3ed04a245c5F5bd6fD0A",
    "poolName": "BUN/WMON Uniswap",
    "protocol": "uniswap",
    "blockNumber": 36196999,
    "gasUsed": "372688",
    "timestamp": "2025-09-10T03:15:03.805Z",
    "id": "5a4f83bd-1a00-4794-ac3e-6808ab215449"
  },
  {
    "hash": "0x2cd2dc468dff49e843ab93af47c0379fd13306f5acbecb822ca3241352201cb3",
    "type": "sell",
    "sender": "0x54302450bc0C3779bB2669F705afD5DEE19d64B5",
    "recipient": "0x8Eb5C457F7a29554536Dc964B3FaDA2961Dd8212",
    "traderAddress": "0x54302450bc0C3779bB2669F705afD5DEE19d64B5",
    "routerSender": "0xD82D7Bdd614bA07527351DE627C558Adbd0f7caE",
    "routerRecipient": "0x54302450bc0C3779bB2669F705afD5DEE19d64B5",
    "amount": "605147.492150724539389455",
    "amountRaw": "605147492150724539389455",
    "price": 0.000003318740832868407,
    "amountUSD": "2.00",
    "tokenAddress": "0x6b44B01922BCeF8A6db75B3147FB604c37a78b7F",
    "tokenSymbol": "AVO",
    "poolAddress": "0x8Eb5C457F7a29554536Dc964B3FaDA2961Dd8212",
    "poolName": "AVO/WMON PancakeSwap",
    "protocol": "pancakeswap",
    "blockNumber": 36197177,
    "gasUsed": "421857",
    "timestamp": "2025-09-10T03:16:30.723Z",
    "id": "5eb9d898-f9a4-4cbf-bd56-246237b88c46"
  },
  {
    "hash": "0x37edd4d5c031c9ba6e7fc9441a84900dc6d12a5b97feccc83eb77f539b13d61d",
    "type": "sell",
    "sender": "0x54302450bc0C3779bB2669F705afD5DEE19d64B5",
    "recipient": "0x8Eb5C457F7a29554536Dc964B3FaDA2961Dd8212",
    "traderAddress": "0x54302450bc0C3779bB2669F705afD5DEE19d64B5",
    "routerSender": "0xD82D7Bdd614bA07527351DE627C558Adbd0f7caE",
    "routerRecipient": "0x54302450bc0C3779bB2669F705afD5DEE19d64B5",
    "amount": "299993.435237373147046979",
    "amountRaw": "299993435237373147046979",
    "price": 0.00000333141677010229,
    "amountUSD": "1.00",
    "tokenAddress": "0x6b44B01922BCeF8A6db75B3147FB604c37a78b7F",
    "tokenSymbol": "AVO",
    "poolAddress": "0x8Eb5C457F7a29554536Dc964B3FaDA2961Dd8212",
    "poolName": "AVO/WMON PancakeSwap",
    "protocol": "pancakeswap",
    "blockNumber": 36197495,
    "gasUsed": "339661",
    "timestamp": "2025-09-10T03:18:39.106Z",
    "id": "2c4ff719-a4d2-438f-8106-4ac515464ad9"
  },
  {
    "hash": "0xed3539a11a88239996499bc9c7b1d4c073a2cb1862e7f8da2d7b9f801d6b415b",
    "type": "sell",
    "sender": "0x54302450bc0C3779bB2669F705afD5DEE19d64B5",
    "recipient": "0x8Eb5C457F7a29554536Dc964B3FaDA2961Dd8212",
    "traderAddress": "0x54302450bc0C3779bB2669F705afD5DEE19d64B5",
    "routerSender": "0xD82D7Bdd614bA07527351DE627C558Adbd0f7caE",
    "routerRecipient": "0x54302450bc0C3779bB2669F705afD5DEE19d64B5",
    "amount": "298853.053288934543376557",
    "amountRaw": "298853053288934543376557",
    "price": 0.0000033441168690989906,
    "amountUSD": "1.00",
    "tokenAddress": "0x6b44B01922BCeF8A6db75B3147FB604c37a78b7F",
    "tokenSymbol": "AVO",
    "poolAddress": "0x8Eb5C457F7a29554536Dc964B3FaDA2961Dd8212",
    "poolName": "AVO/WMON PancakeSwap",
    "protocol": "pancakeswap",
    "blockNumber": 36197743,
    "gasUsed": "339628",
    "timestamp": "2025-09-10T03:20:20.160Z",
    "id": "75607ceb-d400-47a5-8778-1d287089f53e"
  },
  {
    "hash": "0x6f4e8b087e711c04ce73d3b0bfd884aab20cc5cf938d69991e201a06f2b8ce16",
    "type": "buy",
    "sender": "0x8Eb5C457F7a29554536Dc964B3FaDA2961Dd8212",
    "recipient": "0x54302450bc0C3779bB2669F705afD5DEE19d64B5",
    "traderAddress": "0x54302450bc0C3779bB2669F705afD5DEE19d64B5",
    "routerSender": "0xD82D7Bdd614bA07527351DE627C558Adbd0f7caE",
    "routerRecipient": "0xD82D7Bdd614bA07527351DE627C558Adbd0f7caE",
    "amount": "600000.0",
    "amountRaw": "600000000000000000000000",
    "price": 0.000003318755431653008,
    "amountUSD": "600000.00",
    "tokenAddress": "0x6b44B01922BCeF8A6db75B3147FB604c37a78b7F",
    "tokenSymbol": "AVO",
    "poolAddress": "0x8Eb5C457F7a29554536Dc964B3FaDA2961Dd8212",
    "poolName": "AVO/WMON PancakeSwap",
    "protocol": "pancakeswap",
    "blockNumber": 36197885,
    "gasUsed": "398044",
    "timestamp": "2025-09-10T03:21:32.556Z",
    "id": "152f44c8-c5da-444f-9336-8a2e7c983ac6"
  },
  {
    "hash": "0x42cd760592d1bea671be431113a1e44fc6ce1e35b47025bcaa9d446705da4041",
    "type": "buy",
    "sender": "0x8Eb5C457F7a29554536Dc964B3FaDA2961Dd8212",
    "recipient": "0x12e30FcC16B741a08cCf066074F0547F3ce79F32",
    "traderAddress": "0x12e30FcC16B741a08cCf066074F0547F3ce79F32",
    "routerSender": "0xD82D7Bdd614bA07527351DE627C558Adbd0f7caE",
    "routerRecipient": "0x12e30FcC16B741a08cCf066074F0547F3ce79F32",
    "amount": "128811.383617594139650464",
    "amountRaw": "128811383617594139650464",
    "price": 0.0000033133483199077616,
    "amountUSD": "128811.38",
    "tokenAddress": "0x6b44B01922BCeF8A6db75B3147FB604c37a78b7F",
    "tokenSymbol": "AVO",
    "poolAddress": "0x8Eb5C457F7a29554536Dc964B3FaDA2961Dd8212",
    "poolName": "AVO/WMON PancakeSwap",
    "protocol": "pancakeswap",
    "blockNumber": 36198731,
    "gasUsed": "246311",
    "timestamp": "2025-09-10T03:27:46.176Z",
    "id": "24c37846-ab4c-4630-bd47-83098ecd7684"
  },
  {
    "hash": "0xdf73d48b8e45b3fcefc146c1848a8d1cffbcb216fde846e9528a65ad2ebb9368",
    "type": "buy",
    "sender": "0x8Eb5C457F7a29554536Dc964B3FaDA2961Dd8212",
    "recipient": "0x98f2243e853afE7D8AC5Ddbc32Ba167E8B5f1bBd",
    "traderAddress": "0x98f2243e853afE7D8AC5Ddbc32Ba167E8B5f1bBd",
    "routerSender": "0xD82D7Bdd614bA07527351DE627C558Adbd0f7caE",
    "routerRecipient": "0xD82D7Bdd614bA07527351DE627C558Adbd0f7caE",
    "amount": "5000000.0",
    "amountRaw": "5000000000000000000000000",
    "price": 0.0000031280634174293868,
    "amountUSD": "5000000.00",
    "tokenAddress": "0x6b44B01922BCeF8A6db75B3147FB604c37a78b7F",
    "tokenSymbol": "AVO",
    "poolAddress": "0x8Eb5C457F7a29554536Dc964B3FaDA2961Dd8212",
    "poolName": "AVO/WMON PancakeSwap",
    "protocol": "pancakeswap",
    "blockNumber": 36203308,
    "gasUsed": "341036",
    "timestamp": "2025-09-10T04:00:52.378Z",
    "id": "839c66d2-4e9f-48b1-b7b2-964675712318"
  },
  {
    "hash": "0xa9e5410015a64f725c29e0798dd5b6a414a26acc2ce88e61bc9f1bcb4fa71b18",
    "type": "buy",
    "sender": "0x8Eb5C457F7a29554536Dc964B3FaDA2961Dd8212",
    "recipient": "0x98f2243e853afE7D8AC5Ddbc32Ba167E8B5f1bBd",
    "traderAddress": "0x98f2243e853afE7D8AC5Ddbc32Ba167E8B5f1bBd",
    "routerSender": "0xD82D7Bdd614bA07527351DE627C558Adbd0f7caE",
    "routerRecipient": "0xD82D7Bdd614bA07527351DE627C558Adbd0f7caE",
    "amount": "5000000.0",
    "amountRaw": "5000000000000000000000000",
    "price": 0.0000031176798399218743,
    "amountUSD": "5000000.00",
    "tokenAddress": "0x6b44B01922BCeF8A6db75B3147FB604c37a78b7F",
    "tokenSymbol": "AVO",
    "poolAddress": "0x8Eb5C457F7a29554536Dc964B3FaDA2961Dd8212",
    "poolName": "AVO/WMON PancakeSwap",
    "protocol": "pancakeswap",
    "blockNumber": 36203680,
    "gasUsed": "262208",
    "timestamp": "2025-09-10T04:03:25.850Z",
    "id": "256e1a76-9e4c-4de9-a7ff-65c222717fa7"
  },
  {
    "hash": "0x24a2c31debadf99236a4e0167bfcfe6264b21b2baf9d5ffe5456c6e3dd1d79da",
    "type": "buy",
    "sender": "0x8Eb5C457F7a29554536Dc964B3FaDA2961Dd8212",
    "recipient": "0x98f2243e853afE7D8AC5Ddbc32Ba167E8B5f1bBd",
    "traderAddress": "0x98f2243e853afE7D8AC5Ddbc32Ba167E8B5f1bBd",
    "routerSender": "0xD82D7Bdd614bA07527351DE627C558Adbd0f7caE",
    "routerRecipient": "0xD82D7Bdd614bA07527351DE627C558Adbd0f7caE",
    "amount": "100000.0",
    "amountRaw": "100000000000000000000000",
    "price": 0.0000031174726960037768,
    "amountUSD": "100000.00",
    "tokenAddress": "0x6b44B01922BCeF8A6db75B3147FB604c37a78b7F",
    "tokenSymbol": "AVO",
    "poolAddress": "0x8Eb5C457F7a29554536Dc964B3FaDA2961Dd8212",
    "poolName": "AVO/WMON PancakeSwap",
    "protocol": "pancakeswap",
    "blockNumber": 36203863,
    "gasUsed": "262280",
    "timestamp": "2025-09-10T04:04:53.240Z",
    "id": "9f18a7c4-05c0-4388-a13f-57fc275b0174"
  },
  {
    "hash": "0xc07e6868d9605f4befd8ee3f5c30310229af4c30a38c9707929895077fb3bac3",
    "type": "sell",
    "sender": "0x50440B6EEDF99f0C920eDbE98A329CFdD2592Fd7",
    "recipient": "0x90666407c841fe58358F3ed04a245c5F5bd6fD0A",
    "traderAddress": "0x50440B6EEDF99f0C920eDbE98A329CFdD2592Fd7",
    "routerSender": "0xD82D7Bdd614bA07527351DE627C558Adbd0f7caE",
    "routerRecipient": "0x50440B6EEDF99f0C920eDbE98A329CFdD2592Fd7",
    "amount": "211751.827422908429879911",
    "amountRaw": "211751827422908429879911",
    "price": 0.00004711332067504508,
    "amountUSD": "10.00",
    "tokenAddress": "0x0221668890fdad280767B5c7f2d2C78eC62eF94D",
    "tokenSymbol": "BUN",
    "poolAddress": "0x90666407c841fe58358F3ed04a245c5F5bd6fD0A",
    "poolName": "BUN/WMON Uniswap",
    "protocol": "uniswap",
    "blockNumber": 36204387,
    "gasUsed": "212906",
    "timestamp": "2025-09-10T04:08:35.957Z",
    "id": "9b027af7-ad45-420b-b2b7-aff305ccb7f5"
  },
  {
    "hash": "0x5b1d5019e40a3ac7bf92bd2b0b65e9de42560c09afc6e55513fcde71310c2a33",
    "type": "buy",
    "sender": "0x90666407c841fe58358F3ed04a245c5F5bd6fD0A",
    "recipient": "0x50440B6EEDF99f0C920eDbE98A329CFdD2592Fd7",
    "traderAddress": "0x50440B6EEDF99f0C920eDbE98A329CFdD2592Fd7",
    "routerSender": "0xD82D7Bdd614bA07527351DE627C558Adbd0f7caE",
    "routerRecipient": "0xD82D7Bdd614bA07527351DE627C558Adbd0f7caE",
    "amount": "211751.827500000013969839",
    "amountRaw": "211751827500000013969839",
    "price": 0.00004705371534859615,
    "amountUSD": "211751.83",
    "tokenAddress": "0x0221668890fdad280767B5c7f2d2C78eC62eF94D",
    "tokenSymbol": "BUN",
    "poolAddress": "0x90666407c841fe58358F3ed04a245c5F5bd6fD0A",
    "poolName": "BUN/WMON Uniswap",
    "protocol": "uniswap",
    "blockNumber": 36204548,
    "gasUsed": "248849",
    "timestamp": "2025-09-10T04:09:49.093Z",
    "id": "185f7172-7296-4f67-b617-8a555d5772c7"
  },
  {
    "hash": "0xb203c00c640ae570d1bd2b16257f707e80c1c4ed57691792551f0aa78dbc5e21",
    "type": "sell",
    "sender": "0x98f2243e853afE7D8AC5Ddbc32Ba167E8B5f1bBd",
    "recipient": "0x90666407c841fe58358F3ed04a245c5F5bd6fD0A",
    "traderAddress": "0x98f2243e853afE7D8AC5Ddbc32Ba167E8B5f1bBd",
    "routerSender": "0xD82D7Bdd614bA07527351DE627C558Adbd0f7caE",
    "routerRecipient": "0x98f2243e853afE7D8AC5Ddbc32Ba167E8B5f1bBd",
    "amount": "465497.718700549385939119",
    "amountRaw": "465497718700549385939119",
    "price": 0.00004718529162216249,
    "amountUSD": "22.00",
    "tokenAddress": "0x0221668890fdad280767B5c7f2d2C78eC62eF94D",
    "tokenSymbol": "BUN",
    "poolAddress": "0x90666407c841fe58358F3ed04a245c5F5bd6fD0A",
    "poolName": "BUN/WMON Uniswap",
    "protocol": "uniswap",
    "blockNumber": 36205190,
    "gasUsed": "212999",
    "timestamp": "2025-09-10T04:14:19.912Z",
    "id": "eca7f859-4707-4165-9c71-29f18ac1b33a"
  },
  {
    "hash": "0xf402ffb74a39c5bd91fb36085ad0d1f85e2d8ae2a924d7f9286d3f2dd2cfb1df",
    "type": "buy",
    "sender": "0x90666407c841fe58358F3ed04a245c5F5bd6fD0A",
    "recipient": "0x98f2243e853afE7D8AC5Ddbc32Ba167E8B5f1bBd",
    "traderAddress": "0x98f2243e853afE7D8AC5Ddbc32Ba167E8B5f1bBd",
    "routerSender": "0xD82D7Bdd614bA07527351DE627C558Adbd0f7caE",
    "routerRecipient": "0xD82D7Bdd614bA07527351DE627C558Adbd0f7caE",
    "amount": "478000.0",
    "amountRaw": "478000000000000000000000",
    "price": 0.000047050593520715836,
    "amountUSD": "478000.00",
    "tokenAddress": "0x0221668890fdad280767B5c7f2d2C78eC62eF94D",
    "tokenSymbol": "BUN",
    "poolAddress": "0x90666407c841fe58358F3ed04a245c5F5bd6fD0A",
    "poolName": "BUN/WMON Uniswap",
    "protocol": "uniswap",
    "blockNumber": 36205228,
    "gasUsed": "249060",
    "timestamp": "2025-09-10T04:14:35.493Z",
    "id": "2394097f-43b8-4599-afd4-dff73dde532f"
  },
  {
    "hash": "0x052ab970109294ff4c482498f2729e59de7752c4028b04887b94d1b06fb17c1a",
    "type": "buy",
    "sender": "0x8Eb5C457F7a29554536Dc964B3FaDA2961Dd8212",
    "recipient": "0x98f2243e853afE7D8AC5Ddbc32Ba167E8B5f1bBd",
    "traderAddress": "0x98f2243e853afE7D8AC5Ddbc32Ba167E8B5f1bBd",
    "routerSender": "0xD82D7Bdd614bA07527351DE627C558Adbd0f7caE",
    "routerRecipient": "0xD82D7Bdd614bA07527351DE627C558Adbd0f7caE",
    "amount": "39869.906019097215903457",
    "amountRaw": "39869906019097215903457",
    "price": 0.000003117390113674572,
    "amountUSD": "39869.91",
    "tokenAddress": "0x6b44B01922BCeF8A6db75B3147FB604c37a78b7F",
    "tokenSymbol": "AVO",
    "poolAddress": "0x8Eb5C457F7a29554536Dc964B3FaDA2961Dd8212",
    "poolName": "AVO/WMON PancakeSwap",
    "protocol": "pancakeswap",
    "blockNumber": 36205383,
    "gasUsed": "255338",
    "timestamp": "2025-09-10T04:15:47.730Z",
    "id": "03d7521f-686c-4ca5-b797-87b0b0b34830"
  },
  {
    "hash": "0x6f451f531c55b2edb0f8bbc6373016d6303eb10f87eae1fc09fafac09480266b",
    "type": "sell",
    "sender": "0x98f2243e853afE7D8AC5Ddbc32Ba167E8B5f1bBd",
    "recipient": "0x90666407c841fe58358F3ed04a245c5F5bd6fD0A",
    "traderAddress": "0x98f2243e853afE7D8AC5Ddbc32Ba167E8B5f1bBd",
    "routerSender": "0xD82D7Bdd614bA07527351DE627C558Adbd0f7caE",
    "routerRecipient": "0x98f2243e853afE7D8AC5Ddbc32Ba167E8B5f1bBd",
    "amount": "211765.066631527128444864",
    "amountRaw": "211765066631527128444864",
    "price": 0.00004711037616161044,
    "amountUSD": "10.00",
    "tokenAddress": "0x0221668890fdad280767B5c7f2d2C78eC62eF94D",
    "tokenSymbol": "BUN",
    "poolAddress": "0x90666407c841fe58358F3ed04a245c5F5bd6fD0A",
    "poolName": "BUN/WMON Uniswap",
    "protocol": "uniswap",
    "blockNumber": 36209638,
    "gasUsed": "212830",
    "timestamp": "2025-09-10T04:46:56.208Z",
    "id": "4d0fd0f1-8696-4b77-b327-74ba5b3ac4af"
  },
  {
    "hash": "0xb2d0bafd4fa59b278611499e435b20e5d861d24dc83e7e135d6a386639f485f0",
    "type": "buy",
    "sender": "0x90666407c841fe58358F3ed04a245c5F5bd6fD0A",
    "recipient": "0x98f2243e853afE7D8AC5Ddbc32Ba167E8B5f1bBd",
    "traderAddress": "0x98f2243e853afE7D8AC5Ddbc32Ba167E8B5f1bBd",
    "routerSender": "0xD82D7Bdd614bA07527351DE627C558Adbd0f7caE",
    "routerRecipient": "0xD82D7Bdd614bA07527351DE627C558Adbd0f7caE",
    "amount": "117500.0",
    "amountRaw": "117500000000000000000000",
    "price": 0.000047077290596865415,
    "amountUSD": "117500.00",
    "tokenAddress": "0x0221668890fdad280767B5c7f2d2C78eC62eF94D",
    "tokenSymbol": "BUN",
    "poolAddress": "0x90666407c841fe58358F3ed04a245c5F5bd6fD0A",
    "poolName": "BUN/WMON Uniswap",
    "protocol": "uniswap",
    "blockNumber": 36209794,
    "gasUsed": "248978",
    "timestamp": "2025-09-10T04:48:09.000Z",
    "id": "18414ca6-b17d-43a9-af35-aaf7f6e624ba"
  },
  {
    "hash": "0x51bee8db99fb4d9b462a780997d6284bd2b295349ce60823a52c0258fa4202f0",
    "type": "sell",
    "sender": "0x98f2243e853afE7D8AC5Ddbc32Ba167E8B5f1bBd",
    "recipient": "0x8Eb5C457F7a29554536Dc964B3FaDA2961Dd8212",
    "traderAddress": "0x98f2243e853afE7D8AC5Ddbc32Ba167E8B5f1bBd",
    "routerSender": "0xD82D7Bdd614bA07527351DE627C558Adbd0f7caE",
    "routerRecipient": "0x98f2243e853afE7D8AC5Ddbc32Ba167E8B5f1bBd",
    "amount": "3834846.423430999003025608",
    "amountRaw": "3834846423430999003025608",
    "price": 0.0000031253682412840966,
    "amountUSD": "12.00",
    "tokenAddress": "0x6b44B01922BCeF8A6db75B3147FB604c37a78b7F",
    "tokenSymbol": "AVO",
    "poolAddress": "0x8Eb5C457F7a29554536Dc964B3FaDA2961Dd8212",
    "poolName": "AVO/WMON PancakeSwap",
    "protocol": "pancakeswap",
    "blockNumber": 36213905,
    "gasUsed": "226598",
    "timestamp": "2025-09-10T05:17:57.467Z",
    "id": "90c788d3-600b-4f67-8eaf-326aa769adcd"
  },
  {
    "hash": "0x190086874a1a5e30e5a7b50e06f1a1487b8c458eb27e1b17bd20bda641a15678",
    "type": "sell",
    "sender": "0x98f2243e853afE7D8AC5Ddbc32Ba167E8B5f1bBd",
    "recipient": "0x90666407c841fe58358F3ed04a245c5F5bd6fD0A",
    "traderAddress": "0x98f2243e853afE7D8AC5Ddbc32Ba167E8B5f1bBd",
    "routerSender": "0xD82D7Bdd614bA07527351DE627C558Adbd0f7caE",
    "routerRecipient": "0x98f2243e853afE7D8AC5Ddbc32Ba167E8B5f1bBd",
    "amount": "211645.014804651898621671",
    "amountRaw": "211645014804651898621671",
    "price": 0.000047137090190668335,
    "amountUSD": "10.00",
    "tokenAddress": "0x0221668890fdad280767B5c7f2d2C78eC62eF94D",
    "tokenSymbol": "BUN",
    "poolAddress": "0x90666407c841fe58358F3ed04a245c5F5bd6fD0A",
    "poolName": "BUN/WMON Uniswap",
    "protocol": "uniswap",
    "blockNumber": 36214663,
    "gasUsed": "212800",
    "timestamp": "2025-09-10T05:23:18.215Z",
    "id": "a153947a-b314-44ad-8a3f-1f8953198e95"
  },
  {
    "hash": "0x8e46bbb55db7503a5f78b096067f18283b28896b3b25c2f2c4d6dbcdd38f7eac",
    "type": "sell",
    "sender": "0x98f2243e853afE7D8AC5Ddbc32Ba167E8B5f1bBd",
    "recipient": "0x8Eb5C457F7a29554536Dc964B3FaDA2961Dd8212",
    "traderAddress": "0x98f2243e853afE7D8AC5Ddbc32Ba167E8B5f1bBd",
    "routerSender": "0xD82D7Bdd614bA07527351DE627C558Adbd0f7caE",
    "routerRecipient": "0x98f2243e853afE7D8AC5Ddbc32Ba167E8B5f1bBd",
    "amount": "3184231.530513973556702853",
    "amountRaw": "3184231530513973556702853",
    "price": 0.0000031634982708300048,
    "amountUSD": "10.00",
    "tokenAddress": "0x6b44B01922BCeF8A6db75B3147FB604c37a78b7F",
    "tokenSymbol": "AVO",
    "poolAddress": "0x8Eb5C457F7a29554536Dc964B3FaDA2961Dd8212",
    "poolName": "AVO/WMON PancakeSwap",
    "protocol": "pancakeswap",
    "blockNumber": 36214711,
    "gasUsed": "257555",
    "timestamp": "2025-09-10T05:23:48.011Z",
    "id": "0f5757ab-3d7b-40f5-be12-1fb04959530f"
  },
  {
    "hash": "0x54c9b68154f2233d682b46d2ac5d184aef828f8008c62224b62293452bad80c4",
    "type": "sell",
    "sender": "0x98f2243e853afE7D8AC5Ddbc32Ba167E8B5f1bBd",
    "recipient": "0x8Eb5C457F7a29554536Dc964B3FaDA2961Dd8212",
    "traderAddress": "0x98f2243e853afE7D8AC5Ddbc32Ba167E8B5f1bBd",
    "routerSender": "0xD82D7Bdd614bA07527351DE627C558Adbd0f7caE",
    "routerRecipient": "0x98f2243e853afE7D8AC5Ddbc32Ba167E8B5f1bBd",
    "amount": "3088023.638441033602602649",
    "amountRaw": "3088023638441033602602649",
    "price": 0.0000033130365310280363,
    "amountUSD": "10.00",
    "tokenAddress": "0x6b44B01922BCeF8A6db75B3147FB604c37a78b7F",
    "tokenSymbol": "AVO",
    "poolAddress": "0x8Eb5C457F7a29554536Dc964B3FaDA2961Dd8212",
    "poolName": "AVO/WMON PancakeSwap",
    "protocol": "pancakeswap",
    "blockNumber": 36214790,
    "gasUsed": "281536",
    "timestamp": "2025-09-10T05:24:16.493Z",
    "id": "48c9037e-ba8b-483c-9c6f-2e7bad0fe4a1"
  },
  {
    "hash": "0xd6e6944bdfc23c3105c29c101460bb1d0ee83eb1d54bf3978f3ed24c2485823c",
    "type": "buy",
    "sender": "0x8Eb5C457F7a29554536Dc964B3FaDA2961Dd8212",
    "recipient": "0x98f2243e853afE7D8AC5Ddbc32Ba167E8B5f1bBd",
    "traderAddress": "0x98f2243e853afE7D8AC5Ddbc32Ba167E8B5f1bBd",
    "routerSender": "0xD82D7Bdd614bA07527351DE627C558Adbd0f7caE",
    "routerRecipient": "0xD82D7Bdd614bA07527351DE627C558Adbd0f7caE",
    "amount": "12000.0",
    "amountRaw": "12000000000000000000000",
    "price": 0.0000033125335513536535,
    "amountUSD": "12000.00",
    "tokenAddress": "0x6b44B01922BCeF8A6db75B3147FB604c37a78b7F",
    "tokenSymbol": "AVO",
    "poolAddress": "0x8Eb5C457F7a29554536Dc964B3FaDA2961Dd8212",
    "poolName": "AVO/WMON PancakeSwap",
    "protocol": "pancakeswap",
    "blockNumber": 36215043,
    "gasUsed": "261363",
    "timestamp": "2025-09-10T05:26:06.586Z",
    "id": "957088be-dac0-448b-83bd-65ab679ea932"
  },
  {
    "hash": "0x2bc4db007e502d6bef939f2d8972cfa9c3f512617057dacac09b5e0c455695ee",
    "type": "buy",
    "sender": "0x8Eb5C457F7a29554536Dc964B3FaDA2961Dd8212",
    "recipient": "0x98f2243e853afE7D8AC5Ddbc32Ba167E8B5f1bBd",
    "traderAddress": "0x98f2243e853afE7D8AC5Ddbc32Ba167E8B5f1bBd",
    "routerSender": "0xD82D7Bdd614bA07527351DE627C558Adbd0f7caE",
    "routerRecipient": "0x98f2243e853afE7D8AC5Ddbc32Ba167E8B5f1bBd",
    "amount": "70000.0",
    "amountRaw": "70000000000000000000000",
    "price": 0.0000033096017848554026,
    "amountUSD": "70000.00",
    "tokenAddress": "0x6b44B01922BCeF8A6db75B3147FB604c37a78b7F",
    "tokenSymbol": "AVO",
    "poolAddress": "0x8Eb5C457F7a29554536Dc964B3FaDA2961Dd8212",
    "poolName": "AVO/WMON PancakeSwap",
    "protocol": "pancakeswap",
    "blockNumber": 36215096,
    "gasUsed": "246659",
    "timestamp": "2025-09-10T05:26:22.155Z",
    "id": "7171155d-490d-4c39-8b80-9e49d087a3b6"
  },
  {
    "hash": "0x04f613cc444fb2b649914e8a7e07892adaec9ecee767f0b58ae6c1c6bd287d73",
    "type": "buy",
    "sender": "0x8Eb5C457F7a29554536Dc964B3FaDA2961Dd8212",
    "recipient": "0x98f2243e853afE7D8AC5Ddbc32Ba167E8B5f1bBd",
    "traderAddress": "0x98f2243e853afE7D8AC5Ddbc32Ba167E8B5f1bBd",
    "routerSender": "0xD82D7Bdd614bA07527351DE627C558Adbd0f7caE",
    "routerRecipient": "0x98f2243e853afE7D8AC5Ddbc32Ba167E8B5f1bBd",
    "amount": "3500000.0",
    "amountRaw": "3500000000000000000000000",
    "price": 0.0000031432853731874995,
    "amountUSD": "3500000.00",
    "tokenAddress": "0x6b44B01922BCeF8A6db75B3147FB604c37a78b7F",
    "tokenSymbol": "AVO",
    "poolAddress": "0x8Eb5C457F7a29554536Dc964B3FaDA2961Dd8212",
    "poolName": "AVO/WMON PancakeSwap",
    "protocol": "pancakeswap",
    "blockNumber": 36215213,
    "gasUsed": "284047",
    "timestamp": "2025-09-10T05:27:18.566Z",
    "id": "dc34e2f8-2e27-4242-8aef-406285e9bcac"
  },
  {
    "hash": "0xc20082fc05c9f6632285288619a3cc6bb5a6fdd09e962e6a0f14677744bf0bfc",
    "type": "sell",
    "sender": "0x98f2243e853afE7D8AC5Ddbc32Ba167E8B5f1bBd",
    "recipient": "0x8Eb5C457F7a29554536Dc964B3FaDA2961Dd8212",
    "traderAddress": "0x98f2243e853afE7D8AC5Ddbc32Ba167E8B5f1bBd",
    "routerSender": "0xD82D7Bdd614bA07527351DE627C558Adbd0f7caE",
    "routerRecipient": "0x98f2243e853afE7D8AC5Ddbc32Ba167E8B5f1bBd",
    "amount": "3535916.372436926896633794",
    "amountRaw": "3535916372436926896633794",
    "price": 0.000003311476758550254,
    "amountUSD": "11.41",
    "tokenAddress": "0x6b44B01922BCeF8A6db75B3147FB604c37a78b7F",
    "tokenSymbol": "AVO",
    "poolAddress": "0x8Eb5C457F7a29554536Dc964B3FaDA2961Dd8212",
    "poolName": "AVO/WMON PancakeSwap",
    "protocol": "pancakeswap",
    "blockNumber": 36215363,
    "gasUsed": "281110",
    "timestamp": "2025-09-10T05:28:27.653Z",
    "id": "e925908e-9b5f-4b9b-a1de-57d1a2cd72df"
  },
  {
    "hash": "0xefa2dc251ae19b0a32176783478d3f5fdbd5e1179497f9e65933ad5a6f74cddd",
    "type": "buy",
    "sender": "0x8Eb5C457F7a29554536Dc964B3FaDA2961Dd8212",
    "recipient": "0x98f2243e853afE7D8AC5Ddbc32Ba167E8B5f1bBd",
    "traderAddress": "0x98f2243e853afE7D8AC5Ddbc32Ba167E8B5f1bBd",
    "routerSender": "0xD82D7Bdd614bA07527351DE627C558Adbd0f7caE",
    "routerRecipient": "0x98f2243e853afE7D8AC5Ddbc32Ba167E8B5f1bBd",
    "amount": "10061017.94999999925494194",
    "amountRaw": "10061017949999999254941940",
    "price": 0.000003117460937345102,
    "amountUSD": "10061017.95",
    "tokenAddress": "0x6b44B01922BCeF8A6db75B3147FB604c37a78b7F",
    "tokenSymbol": "AVO",
    "poolAddress": "0x8Eb5C457F7a29554536Dc964B3FaDA2961Dd8212",
    "poolName": "AVO/WMON PancakeSwap",
    "protocol": "pancakeswap",
    "blockNumber": 36215509,
    "gasUsed": "308940",
    "timestamp": "2025-09-10T05:29:25.300Z",
    "id": "f4b41220-f29e-423c-a2e7-d9a01453d7e9"
  },
  {
    "hash": "0x29d89127746247dae9b02238bd7e5304f2aa0896cb73761d8cc2a7ba0d7ed51d",
    "type": "buy",
    "sender": "0x90666407c841fe58358F3ed04a245c5F5bd6fD0A",
    "recipient": "0x98f2243e853afE7D8AC5Ddbc32Ba167E8B5f1bBd",
    "traderAddress": "0x98f2243e853afE7D8AC5Ddbc32Ba167E8B5f1bBd",
    "routerSender": "0xD82D7Bdd614bA07527351DE627C558Adbd0f7caE",
    "routerRecipient": "0x98f2243e853afE7D8AC5Ddbc32Ba167E8B5f1bBd",
    "amount": "306022.965023842814844102",
    "amountRaw": "306022965023842814844102",
    "price": 0.000047050920033310094,
    "amountUSD": "306022.97",
    "tokenAddress": "0x0221668890fdad280767B5c7f2d2C78eC62eF94D",
    "tokenSymbol": "BUN",
    "poolAddress": "0x90666407c841fe58358F3ed04a245c5F5bd6fD0A",
    "poolName": "BUN/WMON Uniswap",
    "protocol": "uniswap",
    "blockNumber": 36215717,
    "gasUsed": "232965",
    "timestamp": "2025-09-10T05:31:02.227Z",
    "id": "f8cf563d-aad3-499b-a195-d9a4fd2c206f"
  },
  {
    "hash": "0x1d00f25781a2e56cacb18a88b4d65487201b3868b2177ab76919eed06ff78f4e",
    "type": "sell",
    "sender": "0x50440B6EEDF99f0C920eDbE98A329CFdD2592Fd7",
    "recipient": "0x90666407c841fe58358F3ed04a245c5F5bd6fD0A",
    "traderAddress": "0x50440B6EEDF99f0C920eDbE98A329CFdD2592Fd7",
    "routerSender": "0xD82D7Bdd614bA07527351DE627C558Adbd0f7caE",
    "routerRecipient": "0x50440B6EEDF99f0C920eDbE98A329CFdD2592Fd7",
    "amount": "105915.410745507237686262",
    "amountRaw": "105915410745507237686262",
    "price": 0.00004708080671295357,
    "amountUSD": "5.00",
    "tokenAddress": "0x0221668890fdad280767B5c7f2d2C78eC62eF94D",
    "tokenSymbol": "BUN",
    "poolAddress": "0x90666407c841fe58358F3ed04a245c5F5bd6fD0A",
    "poolName": "BUN/WMON Uniswap",
    "protocol": "uniswap",
    "blockNumber": 36292927,
    "gasUsed": "212830",
    "timestamp": "2025-09-10T14:46:31.816Z",
    "id": "4846a136-4d9e-4e2d-a190-7b52745cfc9a"
  },
  {
    "hash": "0xc2570696565c5e2531ce883ff3ae7c40fce6905cb7ce507775905e6cc5e18c0a",
    "type": "buy",
    "sender": "0x90666407c841fe58358F3ed04a245c5F5bd6fD0A",
    "recipient": "0x54302450bc0C3779bB2669F705afD5DEE19d64B5",
    "traderAddress": "0x54302450bc0C3779bB2669F705afD5DEE19d64B5",
    "routerSender": "0xD82D7Bdd614bA07527351DE627C558Adbd0f7caE",
    "routerRecipient": "0xD82D7Bdd614bA07527351DE627C558Adbd0f7caE",
    "amount": "37556.5",
    "amountRaw": "37556500000000000000000",
    "price": 0.00004707023774737845,
    "amountUSD": "37556.50",
    "tokenAddress": "0x0221668890fdad280767B5c7f2d2C78eC62eF94D",
    "tokenSymbol": "BUN",
    "poolAddress": "0x90666407c841fe58358F3ed04a245c5F5bd6fD0A",
    "poolName": "BUN/WMON Uniswap",
    "protocol": "uniswap",
    "blockNumber": 36294541,
    "gasUsed": "372840",
    "timestamp": "2025-09-10T14:57:54.232Z",
    "id": "6ae36ac9-6b80-405c-9078-5a47d67374fd"
  },
  {
    "hash": "0xa5fe3380fc171ae336c1e68cbb4bcf328f6dc48d19e9003aadaa623745a0c62b",
    "type": "sell",
    "sender": "0x54302450bc0C3779bB2669F705afD5DEE19d64B5",
    "recipient": "0x90666407c841fe58358F3ed04a245c5F5bd6fD0A",
    "traderAddress": "0x54302450bc0C3779bB2669F705afD5DEE19d64B5",
    "routerSender": "0xD82D7Bdd614bA07527351DE627C558Adbd0f7caE",
    "routerRecipient": "0x54302450bc0C3779bB2669F705afD5DEE19d64B5",
    "amount": "21179.767629710348256573",
    "amountRaw": "21179767629710348256573",
    "price": 0.000047076215550926955,
    "amountUSD": "1.00",
    "tokenAddress": "0x0221668890fdad280767B5c7f2d2C78eC62eF94D",
    "tokenSymbol": "BUN",
    "poolAddress": "0x90666407c841fe58358F3ed04a245c5F5bd6fD0A",
    "poolName": "BUN/WMON Uniswap",
    "protocol": "uniswap",
    "blockNumber": 36294633,
    "gasUsed": "319387",
    "timestamp": "2025-09-10T14:58:36.896Z",
    "id": "da720159-8cad-40f6-b923-4071c92bfd51"
  },
  {
    "hash": "0x08611a08971714289ea34e4e64d8b4b533b06a2a67de1ab5d52476128e0d4608",
    "type": "sell",
    "sender": "0x54302450bc0C3779bB2669F705afD5DEE19d64B5",
    "recipient": "0x90666407c841fe58358F3ed04a245c5F5bd6fD0A",
    "traderAddress": "0x54302450bc0C3779bB2669F705afD5DEE19d64B5",
    "routerSender": "0xD82D7Bdd614bA07527351DE627C558Adbd0f7caE",
    "routerRecipient": "0x54302450bc0C3779bB2669F705afD5DEE19d64B5",
    "amount": "21177.078278630696378819",
    "amountRaw": "21177078278630696378819",
    "price": 0.00004708219373403448,
    "amountUSD": "1.00",
    "tokenAddress": "0x0221668890fdad280767B5c7f2d2C78eC62eF94D",
    "tokenSymbol": "BUN",
    "poolAddress": "0x90666407c841fe58358F3ed04a245c5F5bd6fD0A",
    "poolName": "BUN/WMON Uniswap",
    "protocol": "uniswap",
    "blockNumber": 36294682,
    "gasUsed": "319063",
    "timestamp": "2025-09-10T14:58:52.975Z",
    "id": "72c205e5-98f1-4311-bb5c-ebaadd4153aa"
  },
  {
    "hash": "0x517e05ef0c791142d9e37f2592715dfb251dfa79ea289c0ce1334829bb223e8a",
    "type": "sell",
    "sender": "0x54302450bc0C3779bB2669F705afD5DEE19d64B5",
    "recipient": "0x90666407c841fe58358F3ed04a245c5F5bd6fD0A",
    "traderAddress": "0x54302450bc0C3779bB2669F705afD5DEE19d64B5",
    "routerSender": "0xD82D7Bdd614bA07527351DE627C558Adbd0f7caE",
    "routerRecipient": "0x54302450bc0C3779bB2669F705afD5DEE19d64B5",
    "amount": "21174.389439748595228745",
    "amountRaw": "21174389439748595228745",
    "price": 0.000047088172296701,
    "amountUSD": "1.00",
    "tokenAddress": "0x0221668890fdad280767B5c7f2d2C78eC62eF94D",
    "tokenSymbol": "BUN",
    "poolAddress": "0x90666407c841fe58358F3ed04a245c5F5bd6fD0A",
    "poolName": "BUN/WMON Uniswap",
    "protocol": "uniswap",
    "blockNumber": 36294887,
    "gasUsed": "319209",
    "timestamp": "2025-09-10T15:00:20.947Z",
    "id": "c81123ef-6eca-4f50-a44c-55ae7d910b5b"
  },
  {
    "hash": "0x851910addb4b0e5487d0a190eb0200c986411f51a18dcb58debe64f0daaf043b",
    "type": "buy",
    "sender": "0x90666407c841fe58358F3ed04a245c5F5bd6fD0A",
    "recipient": "0x54302450bc0C3779bB2669F705afD5DEE19d64B5",
    "traderAddress": "0x54302450bc0C3779bB2669F705afD5DEE19d64B5",
    "routerSender": "0xD82D7Bdd614bA07527351DE627C558Adbd0f7caE",
    "routerRecipient": "0xD82D7Bdd614bA07527351DE627C558Adbd0f7caE",
    "amount": "21179.0",
    "amountRaw": "21179000000000000000000",
    "price": 0.0000470822103702619,
    "amountUSD": "21179.00",
    "tokenAddress": "0x0221668890fdad280767B5c7f2d2C78eC62eF94D",
    "tokenSymbol": "BUN",
    "poolAddress": "0x90666407c841fe58358F3ed04a245c5F5bd6fD0A",
    "poolName": "BUN/WMON Uniswap",
    "protocol": "uniswap",
    "blockNumber": 36294991,
    "gasUsed": "372583",
    "timestamp": "2025-09-10T15:01:06.768Z",
    "id": "a49a3188-09c7-4330-84cf-25831e7ffbe3"
  },
  {
    "hash": "0x10338dae0ec75df82d75f95010255fa75a14158dd384a45e461f0b1af64b9b7a",
    "type": "buy",
    "sender": "0x90666407c841fe58358F3ed04a245c5F5bd6fD0A",
    "recipient": "0x54302450bc0C3779bB2669F705afD5DEE19d64B5",
    "traderAddress": "0x54302450bc0C3779bB2669F705afD5DEE19d64B5",
    "routerSender": "0xD82D7Bdd614bA07527351DE627C558Adbd0f7caE",
    "routerRecipient": "0xD82D7Bdd614bA07527351DE627C558Adbd0f7caE",
    "amount": "21200.0",
    "amountRaw": "21200000000000000000000",
    "price": 0.000047076243666174824,
    "amountUSD": "21200.00",
    "tokenAddress": "0x0221668890fdad280767B5c7f2d2C78eC62eF94D",
    "tokenSymbol": "BUN",
    "poolAddress": "0x90666407c841fe58358F3ed04a245c5F5bd6fD0A",
    "poolName": "BUN/WMON Uniswap",
    "protocol": "uniswap",
    "blockNumber": 36295047,
    "gasUsed": "372744",
    "timestamp": "2025-09-10T15:01:22.565Z",
    "id": "0bd13d57-ad38-4447-a57a-9fcdf4d97a59"
  },
  {
    "hash": "0x90dd05e498969c94cb3adf81feea0ee8079ab51cdcdb6aecb0758f06cea95e7d",
    "type": "sell",
    "sender": "0x98f2243e853afE7D8AC5Ddbc32Ba167E8B5f1bBd",
    "recipient": "0x8Eb5C457F7a29554536Dc964B3FaDA2961Dd8212",
    "traderAddress": "0x98f2243e853afE7D8AC5Ddbc32Ba167E8B5f1bBd",
    "routerSender": "0xD82D7Bdd614bA07527351DE627C558Adbd0f7caE",
    "routerRecipient": "0x98f2243e853afE7D8AC5Ddbc32Ba167E8B5f1bBd",
    "amount": "3834759.35755582422472359",
    "amountRaw": "3834759357555824224723590",
    "price": 0.00000312543915552334,
    "amountUSD": "12.00",
    "tokenAddress": "0x6b44B01922BCeF8A6db75B3147FB604c37a78b7F",
    "tokenSymbol": "AVO",
    "poolAddress": "0x8Eb5C457F7a29554536Dc964B3FaDA2961Dd8212",
    "poolName": "AVO/WMON PancakeSwap",
    "protocol": "pancakeswap",
    "blockNumber": 36295242,
    "gasUsed": "226659",
    "timestamp": "2025-09-10T15:02:50.668Z",
    "id": "e235a8ab-4970-440b-8276-556693d92f6c"
  },
  {
    "hash": "0x336881a5cf355fb1ac0c3efa1715dedff0462ff88be2363cb812a07c2bad324d",
    "type": "sell",
    "sender": "0x98f2243e853afE7D8AC5Ddbc32Ba167E8B5f1bBd",
    "recipient": "0x90666407c841fe58358F3ed04a245c5F5bd6fD0A",
    "traderAddress": "0x98f2243e853afE7D8AC5Ddbc32Ba167E8B5f1bBd",
    "routerSender": "0xD82D7Bdd614bA07527351DE627C558Adbd0f7caE",
    "routerRecipient": "0x98f2243e853afE7D8AC5Ddbc32Ba167E8B5f1bBd",
    "amount": "105858.444912731043791039",
    "amountRaw": "105858444912731043791039",
    "price": 0.00004710613838622817,
    "amountUSD": "5.00",
    "tokenAddress": "0x0221668890fdad280767B5c7f2d2C78eC62eF94D",
    "tokenSymbol": "BUN",
    "poolAddress": "0x90666407c841fe58358F3ed04a245c5F5bd6fD0A",
    "poolName": "BUN/WMON Uniswap",
    "protocol": "uniswap",
    "blockNumber": 36297644,
    "gasUsed": "212816",
    "timestamp": "2025-09-10T15:19:51.974Z",
    "id": "c97624be-84f9-40a8-9803-9b639bfd9b15"
  },
  {
    "hash": "0x8768e4022c6e8c1bf0cead7dd3166f398c3743db2b00a9878b9ecf97dd5a63aa",
    "type": "sell",
    "sender": "0x98f2243e853afE7D8AC5Ddbc32Ba167E8B5f1bBd",
    "recipient": "0x90666407c841fe58358F3ed04a245c5F5bd6fD0A",
    "traderAddress": "0x98f2243e853afE7D8AC5Ddbc32Ba167E8B5f1bBd",
    "routerSender": "0xD82D7Bdd614bA07527351DE627C558Adbd0f7caE",
    "routerRecipient": "0x98f2243e853afE7D8AC5Ddbc32Ba167E8B5f1bBd",
    "amount": "105791.275181589025085945",
    "amountRaw": "105791275181589025085945",
    "price": 0.000047136042595256936,
    "amountUSD": "5.00",
    "tokenAddress": "0x0221668890fdad280767B5c7f2d2C78eC62eF94D",
    "tokenSymbol": "BUN",
    "poolAddress": "0x90666407c841fe58358F3ed04a245c5F5bd6fD0A",
    "poolName": "BUN/WMON Uniswap",
    "protocol": "uniswap",
    "blockNumber": 36297690,
    "gasUsed": "212790",
    "timestamp": "2025-09-10T15:20:06.685Z",
    "id": "3afac4d8-3ae0-4279-95c1-738b16b40193"
  },
  {
    "hash": "0xff5b8ac14c3fe948f846aa81a476fa112b78924175fb099989b5382dc1d9ab38",
    "type": "buy",
    "sender": "0x8Eb5C457F7a29554536Dc964B3FaDA2961Dd8212",
    "recipient": "0x98f2243e853afE7D8AC5Ddbc32Ba167E8B5f1bBd",
    "traderAddress": "0x98f2243e853afE7D8AC5Ddbc32Ba167E8B5f1bBd",
    "routerSender": "0xD82D7Bdd614bA07527351DE627C558Adbd0f7caE",
    "routerRecipient": "0xD82D7Bdd614bA07527351DE627C558Adbd0f7caE",
    "amount": "3800000.0",
    "amountRaw": "3800000000000000000000000",
    "price": 0.000003117552844620404,
    "amountUSD": "3800000.00",
    "tokenAddress": "0x6b44B01922BCeF8A6db75B3147FB604c37a78b7F",
    "tokenSymbol": "AVO",
    "poolAddress": "0x8Eb5C457F7a29554536Dc964B3FaDA2961Dd8212",
    "poolName": "AVO/WMON PancakeSwap",
    "protocol": "pancakeswap",
    "blockNumber": 36301602,
    "gasUsed": "262300",
    "timestamp": "2025-09-10T15:47:55.184Z",
    "id": "868f85af-cbdb-4a12-a95f-c0c298702c54"
  },
  {
    "hash": "0x2925c2ebcabd14113760035e224c181831555db04ede44e572386819025cdea2",
    "type": "sell",
    "sender": "0x54302450bc0C3779bB2669F705afD5DEE19d64B5",
    "recipient": "0x8Eb5C457F7a29554536Dc964B3FaDA2961Dd8212",
    "traderAddress": "0x54302450bc0C3779bB2669F705afD5DEE19d64B5",
    "routerSender": "0xD82D7Bdd614bA07527351DE627C558Adbd0f7caE",
    "routerRecipient": "0x54302450bc0C3779bB2669F705afD5DEE19d64B5",
    "amount": "319928.40656060710250632",
    "amountRaw": "319928406560607102506320",
    "price": 0.0000031182173165025423,
    "amountUSD": "1.00",
    "tokenAddress": "0x6b44B01922BCeF8A6db75B3147FB604c37a78b7F",
    "tokenSymbol": "AVO",
    "poolAddress": "0x8Eb5C457F7a29554536Dc964B3FaDA2961Dd8212",
    "poolName": "AVO/WMON PancakeSwap",
    "protocol": "pancakeswap",
    "blockNumber": 36313251,
    "gasUsed": "339903",
    "timestamp": "2025-09-10T17:10:16.566Z",
    "id": "5756076d-ae55-43be-9377-839707226651"
  },
  {
    "hash": "0xa77f274d6d8932dd7cd1c55099b5a83ad0df82a480f64b433288a1e87b1ab741",
    "type": "sell",
    "sender": "0x54302450bc0C3779bB2669F705afD5DEE19d64B5",
    "recipient": "0x8Eb5C457F7a29554536Dc964B3FaDA2961Dd8212",
    "traderAddress": "0x54302450bc0C3779bB2669F705afD5DEE19d64B5",
    "routerSender": "0xD82D7Bdd614bA07527351DE627C558Adbd0f7caE",
    "routerRecipient": "0x54302450bc0C3779bB2669F705afD5DEE19d64B5",
    "amount": "319860.235524066124597138",
    "amountRaw": "319860235524066124597138",
    "price": 0.000003118881859189549,
    "amountUSD": "1.00",
    "tokenAddress": "0x6b44B01922BCeF8A6db75B3147FB604c37a78b7F",
    "tokenSymbol": "AVO",
    "poolAddress": "0x8Eb5C457F7a29554536Dc964B3FaDA2961Dd8212",
    "poolName": "AVO/WMON PancakeSwap",
    "protocol": "pancakeswap",
    "blockNumber": 36313318,
    "gasUsed": "339903",
    "timestamp": "2025-09-10T17:10:46.360Z",
    "id": "3cd2c239-3d8d-445c-9118-b0e416045acd"
  },
  {
    "hash": "0xdc7809cc50dec666e1da1a8a07bffcbc9a918cfc3a018ee5612ed00ad6e8657f",
    "type": "buy",
    "sender": "0x8Eb5C457F7a29554536Dc964B3FaDA2961Dd8212",
    "recipient": "0x54302450bc0C3779bB2669F705afD5DEE19d64B5",
    "traderAddress": "0x54302450bc0C3779bB2669F705afD5DEE19d64B5",
    "routerSender": "0xD82D7Bdd614bA07527351DE627C558Adbd0f7caE",
    "routerRecipient": "0xD82D7Bdd614bA07527351DE627C558Adbd0f7caE",
    "amount": "63000.0",
    "amountRaw": "63000000000000000000000",
    "price": 0.0000031187512806354293,
    "amountUSD": "63000.00",
    "tokenAddress": "0x6b44B01922BCeF8A6db75B3147FB604c37a78b7F",
    "tokenSymbol": "AVO",
    "poolAddress": "0x8Eb5C457F7a29554536Dc964B3FaDA2961Dd8212",
    "poolName": "AVO/WMON PancakeSwap",
    "protocol": "pancakeswap",
    "blockNumber": 36313402,
    "gasUsed": "398221",
    "timestamp": "2025-09-10T17:11:16.356Z",
    "id": "bda4055f-4a6c-479e-881e-5fd62ddf698b"
  },
  {
    "hash": "0x8b87782722cf02871db6f52d5b6dea9e6581df1460a51a17ab598ea7fe0ffd1f",
    "type": "sell",
    "sender": "0x54302450bc0C3779bB2669F705afD5DEE19d64B5",
    "recipient": "0x8Eb5C457F7a29554536Dc964B3FaDA2961Dd8212",
    "traderAddress": "0x54302450bc0C3779bB2669F705afD5DEE19d64B5",
    "routerSender": "0xD82D7Bdd614bA07527351DE627C558Adbd0f7caE",
    "routerRecipient": "0x54302450bc0C3779bB2669F705afD5DEE19d64B5",
    "amount": "319805.474890458566405456",
    "amountRaw": "319805474890458566405456",
    "price": 0.0000031194158802151787,
    "amountUSD": "1.00",
    "tokenAddress": "0x6b44B01922BCeF8A6db75B3147FB604c37a78b7F",
    "tokenSymbol": "AVO",
    "poolAddress": "0x8Eb5C457F7a29554536Dc964B3FaDA2961Dd8212",
    "poolName": "AVO/WMON PancakeSwap",
    "protocol": "pancakeswap",
    "blockNumber": 36313538,
    "gasUsed": "339882",
    "timestamp": "2025-09-10T17:12:14.217Z",
    "id": "4c9f8d89-7ca9-479f-8ed1-6f61d4c81a77"
  },
  {
    "hash": "0x7544a2dd4f04719c6c439f8bee1418504afcbf04d2d5795071a6940f4331bb44",
    "type": "buy",
    "sender": "0x8Eb5C457F7a29554536Dc964B3FaDA2961Dd8212",
    "recipient": "0x54302450bc0C3779bB2669F705afD5DEE19d64B5",
    "traderAddress": "0x54302450bc0C3779bB2669F705afD5DEE19d64B5",
    "routerSender": "0xD82D7Bdd614bA07527351DE627C558Adbd0f7caE",
    "routerRecipient": "0xD82D7Bdd614bA07527351DE627C558Adbd0f7caE",
    "amount": "75000.0",
    "amountRaw": "75000000000000000000000",
    "price": 0.0000031192603905594475,
    "amountUSD": "75000.00",
    "tokenAddress": "0x6b44B01922BCeF8A6db75B3147FB604c37a78b7F",
    "tokenSymbol": "AVO",
    "poolAddress": "0x8Eb5C457F7a29554536Dc964B3FaDA2961Dd8212",
    "poolName": "AVO/WMON PancakeSwap",
    "protocol": "pancakeswap",
    "blockNumber": 36313629,
    "gasUsed": "398200",
    "timestamp": "2025-09-10T17:12:45.916Z",
    "id": "cd43da71-7edc-43da-9081-6b2a33d8907f"
  },
  {
    "hash": "0xd50fe1a48d3dfc20bdb0de56594729aa15cc5e2b498b1f8d83308f3899521a4a",
    "type": "buy",
    "sender": "0x90666407c841fe58358F3ed04a245c5F5bd6fD0A",
    "recipient": "0x50440B6EEDF99f0C920eDbE98A329CFdD2592Fd7",
    "traderAddress": "0x50440B6EEDF99f0C920eDbE98A329CFdD2592Fd7",
    "routerSender": "0xD82D7Bdd614bA07527351DE627C558Adbd0f7caE",
    "routerRecipient": "0xD82D7Bdd614bA07527351DE627C558Adbd0f7caE",
    "amount": "105915.410499999998137355",
    "amountRaw": "105915410499999998137355",
    "price": 0.000047106193088575544,
    "amountUSD": "105915.41",
    "tokenAddress": "0x0221668890fdad280767B5c7f2d2C78eC62eF94D",
    "tokenSymbol": "BUN",
    "poolAddress": "0x90666407c841fe58358F3ed04a245c5F5bd6fD0A",
    "poolName": "BUN/WMON Uniswap",
    "protocol": "uniswap",
    "blockNumber": 36313647,
    "gasUsed": "248897",
    "timestamp": "2025-09-10T17:13:00.327Z",
    "id": "641cf78e-20d3-4acc-b91f-985548b00674"
  },
  {
    "hash": "0xc106728c5589b0bb973a394c441c6204928f6add38a88d0ade36538899ffbb24",
    "type": "sell",
    "sender": "0x50440B6EEDF99f0C920eDbE98A329CFdD2592Fd7",
    "recipient": "0x8Eb5C457F7a29554536Dc964B3FaDA2961Dd8212",
    "traderAddress": "0x50440B6EEDF99f0C920eDbE98A329CFdD2592Fd7",
    "routerSender": "0xD82D7Bdd614bA07527351DE627C558Adbd0f7caE",
    "routerRecipient": "0x50440B6EEDF99f0C920eDbE98A329CFdD2592Fd7",
    "amount": "1598085.470035481713026252",
    "amountRaw": "1598085470035481713026252",
    "price": 0.0000031225843677070892,
    "amountUSD": "5.00",
    "tokenAddress": "0x6b44B01922BCeF8A6db75B3147FB604c37a78b7F",
    "tokenSymbol": "AVO",
    "poolAddress": "0x8Eb5C457F7a29554536Dc964B3FaDA2961Dd8212",
    "poolName": "AVO/WMON PancakeSwap",
    "protocol": "pancakeswap",
    "blockNumber": 36313699,
    "gasUsed": "226491",
    "timestamp": "2025-09-10T17:13:16.107Z",
    "id": "bb52f1cc-d608-45e5-a783-86d1aadb8e47"
  },
  {
    "hash": "0xb6c1cf4bd6c20a6ad10b2b385a9917dc62ec48bb614ad8e3e1f4d839a27ad50a",
    "type": "buy",
    "sender": "0x8Eb5C457F7a29554536Dc964B3FaDA2961Dd8212",
    "recipient": "0x54302450bc0C3779bB2669F705afD5DEE19d64B5",
    "traderAddress": "0x54302450bc0C3779bB2669F705afD5DEE19d64B5",
    "routerSender": "0xD82D7Bdd614bA07527351DE627C558Adbd0f7caE",
    "routerRecipient": "0xD82D7Bdd614bA07527351DE627C558Adbd0f7caE",
    "amount": "700000.0",
    "amountRaw": "700000000000000000000000",
    "price": 0.000003121131372196816,
    "amountUSD": "700000.00",
    "tokenAddress": "0x6b44B01922BCeF8A6db75B3147FB604c37a78b7F",
    "tokenSymbol": "AVO",
    "poolAddress": "0x8Eb5C457F7a29554536Dc964B3FaDA2961Dd8212",
    "poolName": "AVO/WMON PancakeSwap",
    "protocol": "pancakeswap",
    "blockNumber": 36318944,
    "gasUsed": "398173",
    "timestamp": "2025-09-10T17:50:26.935Z",
    "id": "6e7091ca-0b26-472a-8215-3affeeabedb0"
  },
  {
    "hash": "0xe12a152e7c1449cbd252cff886916f3729aeb69ebb0482c0b96c82bce55ccc67",
    "type": "sell",
    "sender": "0x98f2243e853afE7D8AC5Ddbc32Ba167E8B5f1bBd",
    "recipient": "0x90666407c841fe58358F3ed04a245c5F5bd6fD0A",
    "traderAddress": "0x98f2243e853afE7D8AC5Ddbc32Ba167E8B5f1bBd",
    "routerSender": "0xD82D7Bdd614bA07527351DE627C558Adbd0f7caE",
    "routerRecipient": "0x98f2243e853afE7D8AC5Ddbc32Ba167E8B5f1bBd",
    "amount": "21163.601992883328994243",
    "amountRaw": "21163601992883328994243",
    "price": 0.000047112173174735354,
    "amountUSD": "1.00",
    "tokenAddress": "0x0221668890fdad280767B5c7f2d2C78eC62eF94D",
    "tokenSymbol": "BUN",
    "poolAddress": "0x90666407c841fe58358F3ed04a245c5F5bd6fD0A",
    "poolName": "BUN/WMON Uniswap",
    "protocol": "uniswap",
    "blockNumber": 36321189,
    "gasUsed": "212923",
    "timestamp": "2025-09-10T18:06:08.252Z",
    "id": "583ccc80-502e-40b7-a967-4275a34fb04f"
  },
  {
    "hash": "0xcb9a772bad0521719f7a9ae6ef2b49684792b1ea55f79de8aa516ad54a79c481",
    "type": "sell",
    "sender": "0x50440B6EEDF99f0C920eDbE98A329CFdD2592Fd7",
    "recipient": "0x8Eb5C457F7a29554536Dc964B3FaDA2961Dd8212",
    "traderAddress": "0x50440B6EEDF99f0C920eDbE98A329CFdD2592Fd7",
    "routerSender": "0xD82D7Bdd614bA07527351DE627C558Adbd0f7caE",
    "routerRecipient": "0x50440B6EEDF99f0C920eDbE98A329CFdD2592Fd7",
    "amount": "319561.612745541508158406",
    "amountRaw": "319561612745541508158406",
    "price": 0.0000031217962253110386,
    "amountUSD": "1.00",
    "tokenAddress": "0x6b44B01922BCeF8A6db75B3147FB604c37a78b7F",
    "tokenSymbol": "AVO",
    "poolAddress": "0x8Eb5C457F7a29554536Dc964B3FaDA2961Dd8212",
    "poolName": "AVO/WMON PancakeSwap",
    "protocol": "pancakeswap",
    "blockNumber": 36321268,
    "gasUsed": "300970",
    "timestamp": "2025-09-10T18:06:43.134Z",
    "id": "4c8fd10d-04cf-4746-8513-798ec9901841"
  },
  {
    "hash": "0x1ddf3737da1458eecdcf2ac83d4a018b5fca474ef47621597db9a5c53c8cfa59",
    "type": "buy",
    "sender": "0x8Eb5C457F7a29554536Dc964B3FaDA2961Dd8212",
    "recipient": "0x50440B6EEDF99f0C920eDbE98A329CFdD2592Fd7",
    "traderAddress": "0x50440B6EEDF99f0C920eDbE98A329CFdD2592Fd7",
    "routerSender": "0xD82D7Bdd614bA07527351DE627C558Adbd0f7caE",
    "routerRecipient": "0xD82D7Bdd614bA07527351DE627C558Adbd0f7caE",
    "amount": "2213147.082700000144541264",
    "amountRaw": "2213147082700000144541264",
    "price": 0.00000311720757915183,
    "amountUSD": "2213147.08",
    "tokenAddress": "0x6b44B01922BCeF8A6db75B3147FB604c37a78b7F",
    "tokenSymbol": "AVO",
    "poolAddress": "0x8Eb5C457F7a29554536Dc964B3FaDA2961Dd8212",
    "poolName": "AVO/WMON PancakeSwap",
    "protocol": "pancakeswap",
    "blockNumber": 36321582,
    "gasUsed": "299257",
    "timestamp": "2025-09-10T18:08:56.093Z",
    "id": "f09378c9-136a-4825-98ee-22c856c51ac1"
  },
  {
    "hash": "0x2ce37ce79d0e2fd32bb9e711bfcbe59df45e5e9c0fbf4c3308da9f2e0dd726c5",
    "type": "buy",
    "sender": "0x8Eb5C457F7a29554536Dc964B3FaDA2961Dd8212",
    "recipient": "0x98f2243e853afE7D8AC5Ddbc32Ba167E8B5f1bBd",
    "traderAddress": "0x98f2243e853afE7D8AC5Ddbc32Ba167E8B5f1bBd",
    "routerSender": "0xD82D7Bdd614bA07527351DE627C558Adbd0f7caE",
    "routerRecipient": "0xD82D7Bdd614bA07527351DE627C558Adbd0f7caE",
    "amount": "12000.0",
    "amountRaw": "12000000000000000000000",
    "price": 0.0000031171827264396014,
    "amountUSD": "12000.00",
    "tokenAddress": "0x6b44B01922BCeF8A6db75B3147FB604c37a78b7F",
    "tokenSymbol": "AVO",
    "poolAddress": "0x8Eb5C457F7a29554536Dc964B3FaDA2961Dd8212",
    "poolName": "AVO/WMON PancakeSwap",
    "protocol": "pancakeswap",
    "blockNumber": 36322332,
    "gasUsed": "255364",
    "timestamp": "2025-09-10T18:14:25.270Z",
    "id": "c776efbe-0576-4586-b3a6-201de85efb35"
  },
  {
    "hash": "0xd59f7e7d9278b7f0800f98ab33904e8cc58abe7f8ae42492beb55dc4948c9674",
    "type": "sell",
    "sender": "0x98f2243e853afE7D8AC5Ddbc32Ba167E8B5f1bBd",
    "recipient": "0x90666407c841fe58358F3ed04a245c5F5bd6fD0A",
    "traderAddress": "0x98f2243e853afE7D8AC5Ddbc32Ba167E8B5f1bBd",
    "routerSender": "0xD82D7Bdd614bA07527351DE627C558Adbd0f7caE",
    "routerRecipient": "0x98f2243e853afE7D8AC5Ddbc32Ba167E8B5f1bBd",
    "amount": "21160.915720123380154833",
    "amountRaw": "21160915720123380154833",
    "price": 0.000047118153640454185,
    "amountUSD": "1.00",
    "tokenAddress": "0x0221668890fdad280767B5c7f2d2C78eC62eF94D",
    "tokenSymbol": "BUN",
    "poolAddress": "0x90666407c841fe58358F3ed04a245c5F5bd6fD0A",
    "poolName": "BUN/WMON Uniswap",
    "protocol": "uniswap",
    "blockNumber": 36322824,
    "gasUsed": "248985",
    "timestamp": "2025-09-10T18:18:01.562Z",
    "id": "7066598e-ccc4-4782-aec8-8d89e101826c"
  },
  {
    "hash": "0x706b871051715ef5d65dcf4e96cda621cc7bb6e7b717ce579ab052f6a3348c2a",
    "type": "sell",
    "sender": "0x5368bDd0F9BC14C223a67b95874842dD77250d08",
    "recipient": "0x90666407c841fe58358F3ed04a245c5F5bd6fD0A",
    "traderAddress": "0x5368bDd0F9BC14C223a67b95874842dD77250d08",
    "routerSender": "0xD82D7Bdd614bA07527351DE627C558Adbd0f7caE",
    "routerRecipient": "0x5368bDd0F9BC14C223a67b95874842dD77250d08",
    "amount": "21158.229958779451775547",
    "amountRaw": "21158229958779451775547",
    "price": 0.000047124134485732044,
    "amountUSD": "1.00",
    "tokenAddress": "0x0221668890fdad280767B5c7f2d2C78eC62eF94D",
    "tokenSymbol": "BUN",
    "poolAddress": "0x90666407c841fe58358F3ed04a245c5F5bd6fD0A",
    "poolName": "BUN/WMON Uniswap",
    "protocol": "uniswap",
    "blockNumber": 36331412,
    "gasUsed": "249956",
    "timestamp": "2025-09-10T19:18:30.240Z",
    "id": "9f734e21-269c-47b9-a4e9-70e434afc80f"
  },
  {
    "hash": "0xaa46f68c2e057df1a3a8fe1a7644d63985f1578fac7612dda5771a03971be108",
    "type": "buy",
    "sender": "0x8Eb5C457F7a29554536Dc964B3FaDA2961Dd8212",
    "recipient": "0x5368bDd0F9BC14C223a67b95874842dD77250d08",
    "traderAddress": "0x5368bDd0F9BC14C223a67b95874842dD77250d08",
    "routerSender": "0xD82D7Bdd614bA07527351DE627C558Adbd0f7caE",
    "routerRecipient": "0xD82D7Bdd614bA07527351DE627C558Adbd0f7caE",
    "amount": "250000.0",
    "amountRaw": "250000000000000000000000",
    "price": 0.000003116665029190269,
    "amountUSD": "250000.00",
    "tokenAddress": "0x6b44B01922BCeF8A6db75B3147FB604c37a78b7F",
    "tokenSymbol": "AVO",
    "poolAddress": "0x8Eb5C457F7a29554536Dc964B3FaDA2961Dd8212",
    "poolName": "AVO/WMON PancakeSwap",
    "protocol": "pancakeswap",
    "blockNumber": 36331676,
    "gasUsed": "262226",
    "timestamp": "2025-09-10T19:20:28.263Z",
    "id": "e41c82dd-8f1e-41c4-8907-2198720a054d"
  },
  {
    "hash": "0xcba230f2a0fe0425e33bcb3fc032a71c45c9082a938bc659374f33bccf42913b",
    "type": "sell",
    "sender": "0x5368bDd0F9BC14C223a67b95874842dD77250d08",
    "recipient": "0x90666407c841fe58358F3ed04a245c5F5bd6fD0A",
    "traderAddress": "0x5368bDd0F9BC14C223a67b95874842dD77250d08",
    "routerSender": "0xD82D7Bdd614bA07527351DE627C558Adbd0f7caE",
    "routerRecipient": "0x5368bDd0F9BC14C223a67b95874842dD77250d08",
    "amount": "46538.654548810764112991",
    "amountRaw": "46538654548810764112991",
    "price": 0.00004713729368139105,
    "amountUSD": "2.20",
    "tokenAddress": "0x0221668890fdad280767B5c7f2d2C78eC62eF94D",
    "tokenSymbol": "BUN",
    "poolAddress": "0x90666407c841fe58358F3ed04a245c5F5bd6fD0A",
    "poolName": "BUN/WMON Uniswap",
    "protocol": "uniswap",
    "blockNumber": 36331785,
    "gasUsed": "212860",
    "timestamp": "2025-09-10T19:21:11.382Z",
    "id": "ff993d4e-7a4a-4ca1-bcef-4edd9b62dd7a"
  },
  {
    "hash": "0x3e6b27f970b3b7285ce3e3162812ef22e8c0bff998894b914642b96273311eef",
    "type": "sell",
    "sender": "0x98f2243e853afE7D8AC5Ddbc32Ba167E8B5f1bBd",
    "recipient": "0x90666407c841fe58358F3ed04a245c5F5bd6fD0A",
    "traderAddress": "0x98f2243e853afE7D8AC5Ddbc32Ba167E8B5f1bBd",
    "routerSender": "0xD82D7Bdd614bA07527351DE627C558Adbd0f7caE",
    "routerRecipient": "0x98f2243e853afE7D8AC5Ddbc32Ba167E8B5f1bBd",
    "amount": "211375.688171981265208734",
    "amountRaw": "211375688171981265208734",
    "price": 0.00004719713136021388,
    "amountUSD": "10.00",
    "tokenAddress": "0x0221668890fdad280767B5c7f2d2C78eC62eF94D",
    "tokenSymbol": "BUN",
    "poolAddress": "0x90666407c841fe58358F3ed04a245c5F5bd6fD0A",
    "poolName": "BUN/WMON Uniswap",
    "protocol": "uniswap",
    "blockNumber": 36331853,
    "gasUsed": "211761",
    "timestamp": "2025-09-10T19:21:42.887Z",
    "id": "43958683-0ed0-4c14-bbab-c050aaabfa7c"
  },
  {
    "hash": "0xbd3082a29596fcddc06fa6af7500c7544efefb8f8b6a3dadc55d5248993967d6",
    "type": "buy",
    "sender": "0x90666407c841fe58358F3ed04a245c5F5bd6fD0A",
    "recipient": "0x98f2243e853afE7D8AC5Ddbc32Ba167E8B5f1bBd",
    "traderAddress": "0x98f2243e853afE7D8AC5Ddbc32Ba167E8B5f1bBd",
    "routerSender": "0xD82D7Bdd614bA07527351DE627C558Adbd0f7caE",
    "routerRecipient": "0xD82D7Bdd614bA07527351DE627C558Adbd0f7caE",
    "amount": "350000.0",
    "amountRaw": "350000000000000000000000",
    "price": 0.00004709840931579414,
    "amountUSD": "350000.00",
    "tokenAddress": "0x0221668890fdad280767B5c7f2d2C78eC62eF94D",
    "tokenSymbol": "BUN",
    "poolAddress": "0x90666407c841fe58358F3ed04a245c5F5bd6fD0A",
    "poolName": "BUN/WMON Uniswap",
    "protocol": "uniswap",
    "blockNumber": 36331966,
    "gasUsed": "248846",
    "timestamp": "2025-09-10T19:22:27.813Z",
    "id": "6fb94c11-acb0-4fd8-883b-cab6cd1993cf"
  },
  {
    "hash": "0x65a0745ac7ac68cdaae12e0348663d916dcc8983a3efcb9f6976378a92d007cb",
    "type": "sell",
    "sender": "0x98f2243e853afE7D8AC5Ddbc32Ba167E8B5f1bBd",
    "recipient": "0x8Eb5C457F7a29554536Dc964B3FaDA2961Dd8212",
    "traderAddress": "0x98f2243e853afE7D8AC5Ddbc32Ba167E8B5f1bBd",
    "routerSender": "0xD82D7Bdd614bA07527351DE627C558Adbd0f7caE",
    "routerRecipient": "0x98f2243e853afE7D8AC5Ddbc32Ba167E8B5f1bBd",
    "amount": "5112140.758730902774778625",
    "amountRaw": "5112140758730902774778625",
    "price": 0.0000031273035620372615,
    "amountUSD": "16.00",
    "tokenAddress": "0x6b44B01922BCeF8A6db75B3147FB604c37a78b7F",
    "tokenSymbol": "AVO",
    "poolAddress": "0x8Eb5C457F7a29554536Dc964B3FaDA2961Dd8212",
    "poolName": "AVO/WMON PancakeSwap",
    "protocol": "pancakeswap",
    "blockNumber": 36332942,
    "gasUsed": "301044",
    "timestamp": "2025-09-10T19:29:26.178Z",
    "id": "68de0958-4ee8-4849-854b-4c7a93b926b9"
  },
  {
    "hash": "0x9f1d43afb1cd469c230d88e8e23dfe01eea60484178dcc39950ced6a7eed7df6",
    "type": "buy",
    "sender": "0x90666407c841fe58358F3ed04a245c5F5bd6fD0A",
    "recipient": "0x5368bDd0F9BC14C223a67b95874842dD77250d08",
    "traderAddress": "0x5368bDd0F9BC14C223a67b95874842dD77250d08",
    "routerSender": "0xD82D7Bdd614bA07527351DE627C558Adbd0f7caE",
    "routerRecipient": "0xD82D7Bdd614bA07527351DE627C558Adbd0f7caE",
    "amount": "58000.0",
    "amountRaw": "58000000000000000000000",
    "price": 0.00004708207958378832,
    "amountUSD": "58000.00",
    "tokenAddress": "0x0221668890fdad280767B5c7f2d2C78eC62eF94D",
    "tokenSymbol": "BUN",
    "poolAddress": "0x90666407c841fe58358F3ed04a245c5F5bd6fD0A",
    "poolName": "BUN/WMON Uniswap",
    "protocol": "uniswap",
    "blockNumber": 36334161,
    "gasUsed": "285884",
    "timestamp": "2025-09-10T19:37:58.605Z",
    "id": "db81d036-fce5-416b-9440-8412b70c4844"
  },
  {
    "hash": "0x320feb1908edf1e27449e88c278c4e428728756c23f99c2b69abde3816df051e",
    "type": "sell",
    "sender": "0x5368bDd0F9BC14C223a67b95874842dD77250d08",
    "recipient": "0x90666407c841fe58358F3ed04a245c5F5bd6fD0A",
    "traderAddress": "0x5368bDd0F9BC14C223a67b95874842dD77250d08",
    "routerSender": "0xD82D7Bdd614bA07527351DE627C558Adbd0f7caE",
    "routerRecipient": "0x5368bDd0F9BC14C223a67b95874842dD77250d08",
    "amount": "52931.06146715662647785",
    "amountRaw": "52931061467156626477850",
    "price": 0.0000470970266840097,
    "amountUSD": "2.50",
    "tokenAddress": "0x0221668890fdad280767B5c7f2d2C78eC62eF94D",
    "tokenSymbol": "BUN",
    "poolAddress": "0x90666407c841fe58358F3ed04a245c5F5bd6fD0A",
    "poolName": "BUN/WMON Uniswap",
    "protocol": "uniswap",
    "blockNumber": 36334202,
    "gasUsed": "249789",
    "timestamp": "2025-09-10T19:38:14.544Z",
    "id": "6f441059-99e8-45c3-97d2-f98a882648e0"
  },
  {
    "hash": "0xcc165d56a94b10939ddbb46d3206c87718b757a010cbd9730c3ebfafb1f9f3b0",
    "type": "buy",
    "sender": "0x90666407c841fe58358F3ed04a245c5F5bd6fD0A",
    "recipient": "0x98f2243e853afE7D8AC5Ddbc32Ba167E8B5f1bBd",
    "traderAddress": "0x98f2243e853afE7D8AC5Ddbc32Ba167E8B5f1bBd",
    "routerSender": "0xD82D7Bdd614bA07527351DE627C558Adbd0f7caE",
    "routerRecipient": "0xD82D7Bdd614bA07527351DE627C558Adbd0f7caE",
    "amount": "115000.0",
    "amountRaw": "115000000000000000000000",
    "price": 0.000047064658465094165,
    "amountUSD": "115000.00",
    "tokenAddress": "0x0221668890fdad280767B5c7f2d2C78eC62eF94D",
    "tokenSymbol": "BUN",
    "poolAddress": "0x90666407c841fe58358F3ed04a245c5F5bd6fD0A",
    "poolName": "BUN/WMON Uniswap",
    "protocol": "uniswap",
    "blockNumber": 36336047,
    "gasUsed": "247514",
    "timestamp": "2025-09-10T19:51:10.782Z",
    "id": "d28727d4-a4b0-479c-9345-a487a909d09c"
  },
  {
    "hash": "0x18b9e315279fc126518aecec5e514e2f2ca4d8d7c00be81ecc32b9637f4724af",
    "type": "buy",
    "sender": "0x90666407c841fe58358F3ed04a245c5F5bd6fD0A",
    "recipient": "0x5368bDd0F9BC14C223a67b95874842dD77250d08",
    "traderAddress": "0x5368bDd0F9BC14C223a67b95874842dD77250d08",
    "routerSender": "0xD82D7Bdd614bA07527351DE627C558Adbd0f7caE",
    "routerRecipient": "0xD82D7Bdd614bA07527351DE627C558Adbd0f7caE",
    "amount": "22000.0",
    "amountRaw": "22000000000000000000000",
    "price": 0.00004705847008654403,
    "amountUSD": "22000.00",
    "tokenAddress": "0x0221668890fdad280767B5c7f2d2C78eC62eF94D",
    "tokenSymbol": "BUN",
    "poolAddress": "0x90666407c841fe58358F3ed04a245c5F5bd6fD0A",
    "poolName": "BUN/WMON Uniswap",
    "protocol": "uniswap",
    "blockNumber": 36336205,
    "gasUsed": "285596",
    "timestamp": "2025-09-10T19:52:22.527Z",
    "id": "679bd633-b30b-4fca-bfac-bef0fe3d4588"
  },
  {
    "hash": "0xaef135bc61e79ed6353517a1bb38dace7f398d606a2ac6c4b3027bae8d6bdeb5",
    "type": "buy",
    "sender": "0x90666407c841fe58358F3ed04a245c5F5bd6fD0A",
    "recipient": "0x5368bDd0F9BC14C223a67b95874842dD77250d08",
    "traderAddress": "0x5368bDd0F9BC14C223a67b95874842dD77250d08",
    "routerSender": "0xD82D7Bdd614bA07527351DE627C558Adbd0f7caE",
    "routerRecipient": "0xD82D7Bdd614bA07527351DE627C558Adbd0f7caE",
    "amount": "21000.0",
    "amountRaw": "21000000000000000000000",
    "price": 0.0000470525641364349,
    "amountUSD": "21000.00",
    "tokenAddress": "0x0221668890fdad280767B5c7f2d2C78eC62eF94D",
    "tokenSymbol": "BUN",
    "poolAddress": "0x90666407c841fe58358F3ed04a245c5F5bd6fD0A",
    "poolName": "BUN/WMON Uniswap",
    "protocol": "uniswap",
    "blockNumber": 36336448,
    "gasUsed": "285620",
    "timestamp": "2025-09-10T19:54:04.799Z",
    "id": "c50ed89d-8244-4237-893b-ec08599a2f3a"
  },
  {
    "hash": "0xa35c9c46eed78b0c428575ad22194546e7eee2f823d18352550705489db7cc9b",
    "type": "buy",
    "sender": "0x90666407c841fe58358F3ed04a245c5F5bd6fD0A",
    "recipient": "0x5368bDd0F9BC14C223a67b95874842dD77250d08",
    "traderAddress": "0x5368bDd0F9BC14C223a67b95874842dD77250d08",
    "routerSender": "0xD82D7Bdd614bA07527351DE627C558Adbd0f7caE",
    "routerRecipient": "0xD82D7Bdd614bA07527351DE627C558Adbd0f7caE",
    "amount": "20000.0",
    "amountRaw": "20000000000000000000000",
    "price": 0.00004704694045564584,
    "amountUSD": "20000.00",
    "tokenAddress": "0x0221668890fdad280767B5c7f2d2C78eC62eF94D",
    "tokenSymbol": "BUN",
    "poolAddress": "0x90666407c841fe58358F3ed04a245c5F5bd6fD0A",
    "poolName": "BUN/WMON Uniswap",
    "protocol": "uniswap",
    "blockNumber": 36336508,
    "gasUsed": "285543",
    "timestamp": "2025-09-10T19:54:34.871Z",
    "id": "50c732d3-d419-4e36-8a21-462aa12f7755"
  },
  {
    "hash": "0x0e6b09f8e0ded43f38c48faceac0413702ed5be0c2f726fa8fc369d5cb5933bf",
    "type": "buy",
    "sender": "0x8Eb5C457F7a29554536Dc964B3FaDA2961Dd8212",
    "recipient": "0x98f2243e853afE7D8AC5Ddbc32Ba167E8B5f1bBd",
    "traderAddress": "0x98f2243e853afE7D8AC5Ddbc32Ba167E8B5f1bBd",
    "routerSender": "0xD82D7Bdd614bA07527351DE627C558Adbd0f7caE",
    "routerRecipient": "0xD82D7Bdd614bA07527351DE627C558Adbd0f7caE",
    "amount": "2500000.0",
    "amountRaw": "2500000000000000000000000",
    "price": 0.0000031221071929571815,
    "amountUSD": "2500000.00",
    "tokenAddress": "0x6b44B01922BCeF8A6db75B3147FB604c37a78b7F",
    "tokenSymbol": "AVO",
    "poolAddress": "0x8Eb5C457F7a29554536Dc964B3FaDA2961Dd8212",
    "poolName": "AVO/WMON PancakeSwap",
    "protocol": "pancakeswap",
    "blockNumber": 36336681,
    "gasUsed": "299661",
    "timestamp": "2025-09-10T19:55:50.278Z",
    "id": "968684da-6d27-452c-a910-c3fd2c6f9147"
  },
  {
    "hash": "0xd9256d0ad1609bf093c9d1a02a821a8be38578e82a8fd8dd82e807723639cbb6",
    "type": "buy",
    "sender": "0x8Eb5C457F7a29554536Dc964B3FaDA2961Dd8212",
    "recipient": "0x98f2243e853afE7D8AC5Ddbc32Ba167E8B5f1bBd",
    "traderAddress": "0x98f2243e853afE7D8AC5Ddbc32Ba167E8B5f1bBd",
    "routerSender": "0xD82D7Bdd614bA07527351DE627C558Adbd0f7caE",
    "routerRecipient": "0xD82D7Bdd614bA07527351DE627C558Adbd0f7caE",
    "amount": "2600000.0",
    "amountRaw": "2600000000000000000000000",
    "price": 0.0000031167166960872158,
    "amountUSD": "2600000.00",
    "tokenAddress": "0x6b44B01922BCeF8A6db75B3147FB604c37a78b7F",
    "tokenSymbol": "AVO",
    "poolAddress": "0x8Eb5C457F7a29554536Dc964B3FaDA2961Dd8212",
    "poolName": "AVO/WMON PancakeSwap",
    "protocol": "pancakeswap",
    "blockNumber": 36336870,
    "gasUsed": "299358",
    "timestamp": "2025-09-10T19:57:13.001Z",
    "id": "e08b6dc5-3f63-47d2-8282-0ff03442525f"
  },
  {
    "hash": "0x7423526b61a99094536516341898484b18401e311aaee7a26b1ae8e665f8ae80",
    "type": "sell",
    "sender": "0x5368bDd0F9BC14C223a67b95874842dD77250d08",
    "recipient": "0x90666407c841fe58358F3ed04a245c5F5bd6fD0A",
    "traderAddress": "0x5368bDd0F9BC14C223a67b95874842dD77250d08",
    "routerSender": "0xD82D7Bdd614bA07527351DE627C558Adbd0f7caE",
    "routerRecipient": "0x5368bDd0F9BC14C223a67b95874842dD77250d08",
    "amount": "42377.819368305941171823",
    "amountRaw": "42377819368305941171823",
    "price": 0.00004705889348333129,
    "amountUSD": "2.00",
    "tokenAddress": "0x0221668890fdad280767B5c7f2d2C78eC62eF94D",
    "tokenSymbol": "BUN",
    "poolAddress": "0x90666407c841fe58358F3ed04a245c5F5bd6fD0A",
    "poolName": "BUN/WMON Uniswap",
    "protocol": "uniswap",
    "blockNumber": 36337010,
    "gasUsed": "250037",
    "timestamp": "2025-09-10T19:58:12.149Z",
    "id": "b7b36e20-b5f1-4a05-8c94-be2e15d2f9df"
  },
  {
    "hash": "0x14376f5fb550ba5bfca3318118e44cd9e5baee70e2a8aa484d5dae273dda1aa3",
    "type": "buy",
    "sender": "0x90666407c841fe58358F3ed04a245c5F5bd6fD0A",
    "recipient": "0x5368bDd0F9BC14C223a67b95874842dD77250d08",
    "traderAddress": "0x5368bDd0F9BC14C223a67b95874842dD77250d08",
    "routerSender": "0xD82D7Bdd614bA07527351DE627C558Adbd0f7caE",
    "routerRecipient": "0xD82D7Bdd614bA07527351DE627C558Adbd0f7caE",
    "amount": "21000.0",
    "amountRaw": "21000000000000000000000",
    "price": 0.00004705298745351851,
    "amountUSD": "21000.00",
    "tokenAddress": "0x0221668890fdad280767B5c7f2d2C78eC62eF94D",
    "tokenSymbol": "BUN",
    "poolAddress": "0x90666407c841fe58358F3ed04a245c5F5bd6fD0A",
    "poolName": "BUN/WMON Uniswap",
    "protocol": "uniswap",
    "blockNumber": 36337112,
    "gasUsed": "285701",
    "timestamp": "2025-09-10T19:58:42.078Z",
    "id": "a21dd4d8-25ab-4470-a4e4-781f774c47b6"
  },
  {
    "hash": "0xd4ff21d55b6bd4c18dd200f6c685c3eb0c62542bbb837b6ad8ac484636d7682e",
    "type": "sell",
    "sender": "0x98f2243e853afE7D8AC5Ddbc32Ba167E8B5f1bBd",
    "recipient": "0x90666407c841fe58358F3ed04a245c5F5bd6fD0A",
    "traderAddress": "0x98f2243e853afE7D8AC5Ddbc32Ba167E8B5f1bBd",
    "routerSender": "0xD82D7Bdd614bA07527351DE627C558Adbd0f7caE",
    "routerRecipient": "0x98f2243e853afE7D8AC5Ddbc32Ba167E8B5f1bBd",
    "amount": "254072.904161393269068765",
    "amountRaw": "254072904161393269068765",
    "price": 0.00004712473300174107,
    "amountUSD": "12.00",
    "tokenAddress": "0x0221668890fdad280767B5c7f2d2C78eC62eF94D",
    "tokenSymbol": "BUN",
    "poolAddress": "0x90666407c841fe58358F3ed04a245c5F5bd6fD0A",
    "poolName": "BUN/WMON Uniswap",
    "protocol": "uniswap",
    "blockNumber": 36337346,
    "gasUsed": "287324",
    "timestamp": "2025-09-10T20:00:29.372Z",
    "id": "4823db86-8fc4-4807-96cd-ed98eb066aa4"
  },
  {
    "hash": "0x94b13f4ba39d0c4fc8ecc5cc8f4bc1e861216cac892c7793445ac77a9dbae01a",
    "type": "sell",
    "sender": "0x98f2243e853afE7D8AC5Ddbc32Ba167E8B5f1bBd",
    "recipient": "0x8Eb5C457F7a29554536Dc964B3FaDA2961Dd8212",
    "traderAddress": "0x98f2243e853afE7D8AC5Ddbc32Ba167E8B5f1bBd",
    "routerSender": "0xD82D7Bdd614bA07527351DE627C558Adbd0f7caE",
    "routerRecipient": "0x98f2243e853afE7D8AC5Ddbc32Ba167E8B5f1bBd",
    "amount": "1599389.392983226233419884",
    "amountRaw": "1599389392983226233419884",
    "price": 0.0000031200393180009376,
    "amountUSD": "5.00",
    "tokenAddress": "0x6b44B01922BCeF8A6db75B3147FB604c37a78b7F",
    "tokenSymbol": "AVO",
    "poolAddress": "0x8Eb5C457F7a29554536Dc964B3FaDA2961Dd8212",
    "poolName": "AVO/WMON PancakeSwap",
    "protocol": "pancakeswap",
    "blockNumber": 36337462,
    "gasUsed": "300950",
    "timestamp": "2025-09-10T20:01:13.926Z",
    "id": "1f3d2b32-734b-4c6c-be42-c139575f86ff"
  },
  {
    "hash": "0x2a1661b513b63ff6be9a117e93dd5aba74d9f4b2931e807b0a5458c0036bfe0f",
    "type": "sell",
    "sender": "0x98f2243e853afE7D8AC5Ddbc32Ba167E8B5f1bBd",
    "recipient": "0x90666407c841fe58358F3ed04a245c5F5bd6fD0A",
    "traderAddress": "0x98f2243e853afE7D8AC5Ddbc32Ba167E8B5f1bBd",
    "routerSender": "0xD82D7Bdd614bA07527351DE627C558Adbd0f7caE",
    "routerRecipient": "0x98f2243e853afE7D8AC5Ddbc32Ba167E8B5f1bBd",
    "amount": "736767.843900180249175575",
    "amountRaw": "736767843900180249175575",
    "price": 0.00004831058814317811,
    "amountUSD": "35.00",
    "tokenAddress": "0x0221668890fdad280767B5c7f2d2C78eC62eF94D",
    "tokenSymbol": "BUN",
    "poolAddress": "0x90666407c841fe58358F3ed04a245c5F5bd6fD0A",
    "poolName": "BUN/WMON Uniswap",
    "protocol": "uniswap",
    "blockNumber": 36355567,
    "gasUsed": "243215",
    "timestamp": "2025-09-10T22:09:34.808Z",
    "id": "1586b938-ed19-43de-839a-4873b0cefd34"
  },
  {
    "hash": "0xa0f484751f30c44e2fc74d7f769a1d6495f44364025beea9fe0c81775f10e0aa",
    "type": "buy",
    "sender": "0x90666407c841fe58358F3ed04a245c5F5bd6fD0A",
    "recipient": "0x98f2243e853afE7D8AC5Ddbc32Ba167E8B5f1bBd",
    "traderAddress": "0x98f2243e853afE7D8AC5Ddbc32Ba167E8B5f1bBd",
    "routerSender": "0xD82D7Bdd614bA07527351DE627C558Adbd0f7caE",
    "routerRecipient": "0x98f2243e853afE7D8AC5Ddbc32Ba167E8B5f1bBd",
    "amount": "755000.0",
    "amountRaw": "755000000000000000000000",
    "price": 0.00004712021933779053,
    "amountUSD": "755000.00",
    "tokenAddress": "0x0221668890fdad280767B5c7f2d2C78eC62eF94D",
    "tokenSymbol": "BUN",
    "poolAddress": "0x90666407c841fe58358F3ed04a245c5F5bd6fD0A",
    "poolName": "BUN/WMON Uniswap",
    "protocol": "uniswap",
    "blockNumber": 36357901,
    "gasUsed": "262298",
    "timestamp": "2025-09-10T22:25:53.890Z",
    "id": "3501352b-f552-4bef-95d2-38d298ab0d2a"
  },
  {
    "hash": "0xbea05841dafcd635c2453eac6c092e5de81d89a641c958ed6b9e15201bb53937",
    "type": "buy",
    "sender": "0x90666407c841fe58358F3ed04a245c5F5bd6fD0A",
    "recipient": "0x98f2243e853afE7D8AC5Ddbc32Ba167E8B5f1bBd",
    "traderAddress": "0x98f2243e853afE7D8AC5Ddbc32Ba167E8B5f1bBd",
    "routerSender": "0xD82D7Bdd614bA07527351DE627C558Adbd0f7caE",
    "routerRecipient": "0xD82D7Bdd614bA07527351DE627C558Adbd0f7caE",
    "amount": "236000.0",
    "amountRaw": "236000000000000000000000",
    "price": 0.00004705378110714113,
    "amountUSD": "236000.00",
    "tokenAddress": "0x0221668890fdad280767B5c7f2d2C78eC62eF94D",
    "tokenSymbol": "BUN",
    "poolAddress": "0x90666407c841fe58358F3ed04a245c5F5bd6fD0A",
    "poolName": "BUN/WMON Uniswap",
    "protocol": "uniswap",
    "blockNumber": 36388442,
    "gasUsed": "248734",
    "timestamp": "2025-09-11T02:00:32.088Z",
    "id": "14dbfad8-211a-4e18-b2b9-04f5b7e6f9a3"
  },
  {
    "hash": "0x6ae822ffe79eabe7be0185b2b98fb5aabb870c8e26c491ba7d917412c821dc33",
    "type": "buy",
    "sender": "0x8Eb5C457F7a29554536Dc964B3FaDA2961Dd8212",
    "recipient": "0x98f2243e853afE7D8AC5Ddbc32Ba167E8B5f1bBd",
    "traderAddress": "0x98f2243e853afE7D8AC5Ddbc32Ba167E8B5f1bBd",
    "routerSender": "0xD82D7Bdd614bA07527351DE627C558Adbd0f7caE",
    "routerRecipient": "0xD82D7Bdd614bA07527351DE627C558Adbd0f7caE",
    "amount": "1624000.0",
    "amountRaw": "1624000000000000000000000",
    "price": 0.0000031166740381510605,
    "amountUSD": "1624000.00",
    "tokenAddress": "0x6b44B01922BCeF8A6db75B3147FB604c37a78b7F",
    "tokenSymbol": "AVO",
    "poolAddress": "0x8Eb5C457F7a29554536Dc964B3FaDA2961Dd8212",
    "poolName": "AVO/WMON PancakeSwap",
    "protocol": "pancakeswap",
    "blockNumber": 36388533,
    "gasUsed": "262135",
    "timestamp": "2025-09-11T02:01:16.461Z",
    "id": "2000a9a1-972e-4f1e-9df1-6241f7851e61"
  },
  {
    "hash": "0xdf6f735633b74091fca6f36be4a5470916415f1249ef6294fc75e53ec665447c",
    "type": "sell",
    "sender": "0x98f2243e853afE7D8AC5Ddbc32Ba167E8B5f1bBd",
    "recipient": "0x90666407c841fe58358F3ed04a245c5F5bd6fD0A",
    "traderAddress": "0x98f2243e853afE7D8AC5Ddbc32Ba167E8B5f1bBd",
    "routerSender": "0xD82D7Bdd614bA07527351DE627C558Adbd0f7caE",
    "routerRecipient": "0x98f2243e853afE7D8AC5Ddbc32Ba167E8B5f1bBd",
    "amount": "211750.725483369182577325",
    "amountRaw": "211750725483369182577325",
    "price": 0.00004711356577243754,
    "amountUSD": "10.00",
    "tokenAddress": "0x0221668890fdad280767B5c7f2d2C78eC62eF94D",
    "tokenSymbol": "BUN",
    "poolAddress": "0x90666407c841fe58358F3ed04a245c5F5bd6fD0A",
    "poolName": "BUN/WMON Uniswap",
    "protocol": "uniswap",
    "blockNumber": 36388658,
    "gasUsed": "212967",
    "timestamp": "2025-09-11T02:01:59.647Z",
    "id": "b671cb18-41f5-4ac9-8ce4-a2b7487cff69"
  },
  {
    "hash": "0xc933c1e227c7e1b94b45db4ac52fe12b2c26e7aaafa408dba078a631768409dd",
    "type": "buy",
    "sender": "0x8Eb5C457F7a29554536Dc964B3FaDA2961Dd8212",
    "recipient": "0x98f2243e853afE7D8AC5Ddbc32Ba167E8B5f1bBd",
    "traderAddress": "0x98f2243e853afE7D8AC5Ddbc32Ba167E8B5f1bBd",
    "routerSender": "0xD82D7Bdd614bA07527351DE627C558Adbd0f7caE",
    "routerRecipient": "0xD82D7Bdd614bA07527351DE627C558Adbd0f7caE",
    "amount": "100.0",
    "amountRaw": "100000000000000000000",
    "price": 0.0000031166738310970676,
    "amountUSD": "100.00",
    "tokenAddress": "0x6b44B01922BCeF8A6db75B3147FB604c37a78b7F",
    "tokenSymbol": "AVO",
    "poolAddress": "0x8Eb5C457F7a29554536Dc964B3FaDA2961Dd8212",
    "poolName": "AVO/WMON PancakeSwap",
    "protocol": "pancakeswap",
    "blockNumber": 36397301,
    "gasUsed": "255192",
    "timestamp": "2025-09-11T03:02:14.360Z",
    "id": "e3720470-c335-4116-a26e-cb373f15d9b7"
  },
  {
    "hash": "0xb539c92e575298c8135efeb3eda04fb5002b92af96f8845726c5c04a62487bc7",
    "type": "sell",
    "sender": "0x98f2243e853afE7D8AC5Ddbc32Ba167E8B5f1bBd",
    "recipient": "0x8Eb5C457F7a29554536Dc964B3FaDA2961Dd8212",
    "traderAddress": "0x98f2243e853afE7D8AC5Ddbc32Ba167E8B5f1bBd",
    "routerSender": "0xD82D7Bdd614bA07527351DE627C558Adbd0f7caE",
    "routerRecipient": "0x98f2243e853afE7D8AC5Ddbc32Ba167E8B5f1bBd",
    "amount": "320018.633008905819193676",
    "amountRaw": "320018633008905819193676",
    "price": 0.0000031173382093015914,
    "amountUSD": "1.00",
    "tokenAddress": "0x6b44B01922BCeF8A6db75B3147FB604c37a78b7F",
    "tokenSymbol": "AVO",
    "poolAddress": "0x8Eb5C457F7a29554536Dc964B3FaDA2961Dd8212",
    "poolName": "AVO/WMON PancakeSwap",
    "protocol": "pancakeswap",
    "blockNumber": 36397433,
    "gasUsed": "226415",
    "timestamp": "2025-09-11T03:03:12.705Z",
    "id": "f8db2067-9fb9-43cd-9bb4-6badf9dd2d97"
  },
  {
    "hash": "0x72aba64f1ab8cce2f1c4b147affa4da57213eac7ffd445b56e071d655e2e0f4e",
    "type": "buy",
    "sender": "0x8Eb5C457F7a29554536Dc964B3FaDA2961Dd8212",
    "recipient": "0x98f2243e853afE7D8AC5Ddbc32Ba167E8B5f1bBd",
    "traderAddress": "0x98f2243e853afE7D8AC5Ddbc32Ba167E8B5f1bBd",
    "routerSender": "0xD82D7Bdd614bA07527351DE627C558Adbd0f7caE",
    "routerRecipient": "0xD82D7Bdd614bA07527351DE627C558Adbd0f7caE",
    "amount": "320000.0",
    "amountRaw": "320000000000000000000000",
    "price": 0.0000031166755303581612,
    "amountUSD": "320000.00",
    "tokenAddress": "0x6b44B01922BCeF8A6db75B3147FB604c37a78b7F",
    "tokenSymbol": "AVO",
    "poolAddress": "0x8Eb5C457F7a29554536Dc964B3FaDA2961Dd8212",
    "poolName": "AVO/WMON PancakeSwap",
    "protocol": "pancakeswap",
    "blockNumber": 36397497,
    "gasUsed": "261972",
    "timestamp": "2025-09-11T03:03:42.731Z",
    "id": "6ff1673c-7f95-4a55-bc11-a998fd933178"
  },
  {
    "hash": "0x0a8827fa714ab2a51b378408da7bec163d392e7d6acc4f5a0e4ffe7e3287203a",
    "type": "buy",
    "sender": "0x90666407c841fe58358F3ed04a245c5F5bd6fD0A",
    "recipient": "0x98f2243e853afE7D8AC5Ddbc32Ba167E8B5f1bBd",
    "traderAddress": "0x98f2243e853afE7D8AC5Ddbc32Ba167E8B5f1bBd",
    "routerSender": "0xD82D7Bdd614bA07527351DE627C558Adbd0f7caE",
    "routerRecipient": "0xD82D7Bdd614bA07527351DE627C558Adbd0f7caE",
    "amount": "210000.0",
    "amountRaw": "210000000000000000000000",
    "price": 0.00004705445263689078,
    "amountUSD": "210000.00",
    "tokenAddress": "0x0221668890fdad280767B5c7f2d2C78eC62eF94D",
    "tokenSymbol": "BUN",
    "poolAddress": "0x90666407c841fe58358F3ed04a245c5F5bd6fD0A",
    "poolName": "BUN/WMON Uniswap",
    "protocol": "uniswap",
    "blockNumber": 36398328,
    "gasUsed": "248915",
    "timestamp": "2025-09-11T03:09:27.324Z",
    "id": "cf7e2043-a2ed-4b8f-af04-35de7de391ae"
  },
  {
    "hash": "0xdd7f5f217589f2c29bdc5cba301d1980af034644f3b98f6353bc3b1113477c9e",
    "type": "sell",
    "sender": "0x98f2243e853afE7D8AC5Ddbc32Ba167E8B5f1bBd",
    "recipient": "0x90666407c841fe58358F3ed04a245c5F5bd6fD0A",
    "traderAddress": "0x98f2243e853afE7D8AC5Ddbc32Ba167E8B5f1bBd",
    "routerSender": "0xD82D7Bdd614bA07527351DE627C558Adbd0f7caE",
    "routerRecipient": "0x98f2243e853afE7D8AC5Ddbc32Ba167E8B5f1bBd",
    "amount": "1072843.392192199284169958",
    "amountRaw": "1072843392192199284169958",
    "price": 0.00004876753332799161,
    "amountUSD": "51.00",
    "tokenAddress": "0x0221668890fdad280767B5c7f2d2C78eC62eF94D",
    "tokenSymbol": "BUN",
    "poolAddress": "0x90666407c841fe58358F3ed04a245c5F5bd6fD0A",
    "poolName": "BUN/WMON Uniswap",
    "protocol": "uniswap",
    "blockNumber": 36398398,
    "gasUsed": "243431",
    "timestamp": "2025-09-11T03:09:55.952Z",
    "id": "93fc083b-0c50-4a90-9cf3-3651ed5031a8"
  },
  {
    "hash": "0x377aa5db147e506491bc776d2ce2692e1401b90ef6361e5dacdcd4bec90e8c0e",
    "type": "buy",
    "sender": "0x90666407c841fe58358F3ed04a245c5F5bd6fD0A",
    "recipient": "0x98f2243e853afE7D8AC5Ddbc32Ba167E8B5f1bBd",
    "traderAddress": "0x98f2243e853afE7D8AC5Ddbc32Ba167E8B5f1bBd",
    "routerSender": "0xD82D7Bdd614bA07527351DE627C558Adbd0f7caE",
    "routerRecipient": "0xD82D7Bdd614bA07527351DE627C558Adbd0f7caE",
    "amount": "1074784.780000000027939677",
    "amountRaw": "1074784780000000027939677",
    "price": 0.00004705481452841986,
    "amountUSD": "1074784.78",
    "tokenAddress": "0x0221668890fdad280767B5c7f2d2C78eC62eF94D",
    "tokenSymbol": "BUN",
    "poolAddress": "0x90666407c841fe58358F3ed04a245c5F5bd6fD0A",
    "poolName": "BUN/WMON Uniswap",
    "protocol": "uniswap",
    "blockNumber": 36398469,
    "gasUsed": "279287",
    "timestamp": "2025-09-11T03:10:25.588Z",
    "id": "ffc6bdbc-2852-4138-89e3-d627a7acaba4"
  },
  {
    "hash": "0xbcc15fe97fe62e55fa367d6bb96f13084f6c5d56bdbf1879df2f2ed9d2fb91ea",
    "type": "sell",
    "sender": "0x98f2243e853afE7D8AC5Ddbc32Ba167E8B5f1bBd",
    "recipient": "0x90666407c841fe58358F3ed04a245c5F5bd6fD0A",
    "traderAddress": "0x98f2243e853afE7D8AC5Ddbc32Ba167E8B5f1bBd",
    "routerSender": "0xD82D7Bdd614bA07527351DE627C558Adbd0f7caE",
    "routerRecipient": "0x98f2243e853afE7D8AC5Ddbc32Ba167E8B5f1bBd",
    "amount": "866100.011611968384080047",
    "amountRaw": "866100011611968384080047",
    "price": 0.000047701036215466,
    "amountUSD": "41.00",
    "tokenAddress": "0x0221668890fdad280767B5c7f2d2C78eC62eF94D",
    "tokenSymbol": "BUN",
    "poolAddress": "0x90666407c841fe58358F3ed04a245c5F5bd6fD0A",
    "poolName": "BUN/WMON Uniswap",
    "protocol": "uniswap",
    "blockNumber": 36398551,
    "gasUsed": "243300",
    "timestamp": "2025-09-11T03:10:55.670Z",
    "id": "0e9a0bee-89fd-4a17-8d03-d6ab9f68e485"
  },
  {
    "hash": "0xbb9aa67a482400dabc13a1e250d4cdc155490f652f4d8bcaa02dbe7feae93103",
    "type": "buy",
    "sender": "0x90666407c841fe58358F3ed04a245c5F5bd6fD0A",
    "recipient": "0x98f2243e853afE7D8AC5Ddbc32Ba167E8B5f1bBd",
    "traderAddress": "0x98f2243e853afE7D8AC5Ddbc32Ba167E8B5f1bBd",
    "routerSender": "0xD82D7Bdd614bA07527351DE627C558Adbd0f7caE",
    "routerRecipient": "0xD82D7Bdd614bA07527351DE627C558Adbd0f7caE",
    "amount": "22000.0",
    "amountRaw": "22000000000000000000000",
    "price": 0.000047589253056770405,
    "amountUSD": "22000.00",
    "tokenAddress": "0x0221668890fdad280767B5c7f2d2C78eC62eF94D",
    "tokenSymbol": "BUN",
    "poolAddress": "0x90666407c841fe58358F3ed04a245c5F5bd6fD0A",
    "poolName": "BUN/WMON Uniswap",
    "protocol": "uniswap",
    "blockNumber": 36399601,
    "gasUsed": "248728",
    "timestamp": "2025-09-11T03:18:15.120Z",
    "id": "d4f20e01-587c-4bb6-9d10-a131eff40380"
  },
  {
    "hash": "0x843546c5e43a134cc802791a2c8308d59e71f9059329e4b8cc8d3afa9a9b8ad4",
    "type": "buy",
    "sender": "0x90666407c841fe58358F3ed04a245c5F5bd6fD0A",
    "recipient": "0x98f2243e853afE7D8AC5Ddbc32Ba167E8B5f1bBd",
    "traderAddress": "0x98f2243e853afE7D8AC5Ddbc32Ba167E8B5f1bBd",
    "routerSender": "0xD82D7Bdd614bA07527351DE627C558Adbd0f7caE",
    "routerRecipient": "0xD82D7Bdd614bA07527351DE627C558Adbd0f7caE",
    "amount": "822000.0",
    "amountRaw": "822000000000000000000000",
    "price": 0.000047061763388608,
    "amountUSD": "822000.00",
    "tokenAddress": "0x0221668890fdad280767B5c7f2d2C78eC62eF94D",
    "tokenSymbol": "BUN",
    "poolAddress": "0x90666407c841fe58358F3ed04a245c5F5bd6fD0A",
    "poolName": "BUN/WMON Uniswap",
    "protocol": "uniswap",
    "blockNumber": 36399648,
    "gasUsed": "279244",
    "timestamp": "2025-09-11T03:18:29.960Z",
    "id": "921a6354-a6b0-4f40-ad6c-9d4c9756271c"
  },
  {
    "hash": "0x9ad56c00bec88650b44777fc828995f8e35a9dbe8f3b724486a6183f7e8bc574",
    "type": "sell",
    "sender": "0x98f2243e853afE7D8AC5Ddbc32Ba167E8B5f1bBd",
    "recipient": "0x90666407c841fe58358F3ed04a245c5F5bd6fD0A",
    "traderAddress": "0x98f2243e853afE7D8AC5Ddbc32Ba167E8B5f1bBd",
    "routerSender": "0xD82D7Bdd614bA07527351DE627C558Adbd0f7caE",
    "routerRecipient": "0x98f2243e853afE7D8AC5Ddbc32Ba167E8B5f1bBd",
    "amount": "211714.821227836193615698",
    "amountRaw": "211714821227836193615698",
    "price": 0.000047121553123064595,
    "amountUSD": "10.00",
    "tokenAddress": "0x0221668890fdad280767B5c7f2d2C78eC62eF94D",
    "tokenSymbol": "BUN",
    "poolAddress": "0x90666407c841fe58358F3ed04a245c5F5bd6fD0A",
    "poolName": "BUN/WMON Uniswap",
    "protocol": "uniswap",
    "blockNumber": 36526058,
    "gasUsed": "212806",
    "timestamp": "2025-09-11T17:57:51.171Z",
    "id": "1ac29dbf-05af-4ea6-bb75-16d33c772126"
  },
  {
    "hash": "0x3904579a023eaa324e7edabd7c7d17ebdbb8241945c4a90140f4b38888b0b230",
    "type": "sell",
    "sender": "0x98f2243e853afE7D8AC5Ddbc32Ba167E8B5f1bBd",
    "recipient": "0x8Eb5C457F7a29554536Dc964B3FaDA2961Dd8212",
    "traderAddress": "0x98f2243e853afE7D8AC5Ddbc32Ba167E8B5f1bBd",
    "routerSender": "0xD82D7Bdd614bA07527351DE627C558Adbd0f7caE",
    "routerRecipient": "0x98f2243e853afE7D8AC5Ddbc32Ba167E8B5f1bBd",
    "amount": "1599410.512440857441724342",
    "amountRaw": "1599410512440857441724342",
    "price": 0.0000031199981303349884,
    "amountUSD": "5.00",
    "tokenAddress": "0x6b44B01922BCeF8A6db75B3147FB604c37a78b7F",
    "tokenSymbol": "AVO",
    "poolAddress": "0x8Eb5C457F7a29554536Dc964B3FaDA2961Dd8212",
    "poolName": "AVO/WMON PancakeSwap",
    "protocol": "pancakeswap",
    "blockNumber": 36526525,
    "gasUsed": "226655",
    "timestamp": "2025-09-11T18:01:05.787Z",
    "id": "ffbdb275-5828-425a-b77f-1c98c034e654"
  },
  {
    "hash": "0x3505c4219277aa95202b64585fab75d87d27fe81b85589c2bfbbcd641cc95a0b",
    "type": "sell",
    "sender": "0x98f2243e853afE7D8AC5Ddbc32Ba167E8B5f1bBd",
    "recipient": "0x90666407c841fe58358F3ed04a245c5F5bd6fD0A",
    "traderAddress": "0x98f2243e853afE7D8AC5Ddbc32Ba167E8B5f1bBd",
    "routerSender": "0xD82D7Bdd614bA07527351DE627C558Adbd0f7caE",
    "routerRecipient": "0x98f2243e853afE7D8AC5Ddbc32Ba167E8B5f1bBd",
    "amount": "737037.841198531765028746",
    "amountRaw": "737037841198531765028746",
    "price": 0.000048253511595333304,
    "amountUSD": "35.00",
    "tokenAddress": "0x0221668890fdad280767B5c7f2d2C78eC62eF94D",
    "tokenSymbol": "BUN",
    "poolAddress": "0x90666407c841fe58358F3ed04a245c5F5bd6fD0A",
    "poolName": "BUN/WMON Uniswap",
    "protocol": "uniswap",
    "blockNumber": 36599897,
    "gasUsed": "243352",
    "timestamp": "2025-09-12T02:31:04.039Z",
