[
  {
    "hash": "0x04ceeec42f56eb5c0f7da01679a1aa75a60126574935a469e4f48c520867a94b",
    "type": "sell",
    "sender": "0xf1F3b64305E5cC19a949e256f029AfBDbf63e15e",
    "recipient": "0xBb7EfF3E685c6564F2F09DD90b6C05754E3BDAC0",
    "amount": "10.0",
    "amountRaw": "10000000000000000000",
    "price": 0,
    "amountUSD": "0",
    "tokenAddress": "0x760AfE86e5de5fa0Ee542fc7B7B713e1c5425701",
    "tokenSymbol": "NOMA",
    "poolAddress": "0xBb7EfF3E685c6564F2F09DD90b6C05754E3BDAC0",
    "blockNumber": 34871972,
    "gasUsed": "296329",
    "timestamp": "2025-09-03T16:36:12.666Z",
    "id": "57edad9d-d1a4-4742-bd94-c26c8ba23fef"
  },
  {
    "hash": "0xb73209849935ce469b4558f3b32a525eeb79a69c03415fc0b460dcb9d81919d5",
    "type": "sell",
    "sender": "0xf1F3b64305E5cC19a949e256f029AfBDbf63e15e",
    "recipient": "0xBb7EfF3E685c6564F2F09DD90b6C05754E3BDAC0",
    "amount": "1.0",
    "amountRaw": "1000000000000000000",
    "price": 0,
    "amountUSD": "0",
    "tokenAddress": "0x760AfE86e5de5fa0Ee542fc7B7B713e1c5425701",
    "tokenSymbol": "NOMA",
    "poolAddress": "0xBb7EfF3E685c6564F2F09DD90b6C05754E3BDAC0",
    "blockNumber": 34873245,
    "gasUsed": "266616",
    "timestamp": "2025-09-03T16:45:06.012Z",
    "id": "c8e64846-74c3-4630-8d14-2536fb50b52e"
  },
  {
    "hash": "0xc12fbc646f4508e6e92bacef89388763f40fe5bdbfff38a59ab5e5b23e7cd451",
    "type": "buy",
    "sender": "0xBb7EfF3E685c6564F2F09DD90b6C05754E3BDAC0",
    "recipient": "0x492d8F3b347e412DF4F650AA5CCD415DA994c97b",
    "amount": "4.3638695431702134",
    "amountRaw": "4363869543170213400",
    "price": 0,
    "amountUSD": "0",
    "tokenAddress": "0x760AfE86e5de5fa0Ee542fc7B7B713e1c5425701",
    "tokenSymbol": "NOMA",
    "poolAddress": "0xBb7EfF3E685c6564F2F09DD90b6C05754E3BDAC0",
    "blockNumber": 34877523,
    "gasUsed": "336754",
    "timestamp": "2025-09-03T17:14:55.526Z",
    "id": "27a81c09-702d-4967-b486-baf9a5ffda2e"
  },
  {
    "hash": "0x2c984ec14aefc24488fc7b2c047c8f59562098ea16ec248088a8f9c92ae4cbab",
    "type": "sell",
    "sender": "0x492d8F3b347e412DF4F650AA5CCD415DA994c97b",
    "recipient": "0xBb7EfF3E685c6564F2F09DD90b6C05754E3BDAC0",
    "amount": "12.0",
    "amountRaw": "12000000000000000000",
    "price": 0,
    "amountUSD": "0",
    "tokenAddress": "0x760AfE86e5de5fa0Ee542fc7B7B713e1c5425701",
    "tokenSymbol": "NOMA",
    "poolAddress": "0xBb7EfF3E685c6564F2F09DD90b6C05754E3BDAC0",
    "blockNumber": 34877646,
    "gasUsed": "299046",
    "timestamp": "2025-09-03T17:15:45.169Z",
    "id": "79181119-4393-4920-b891-c49686654a2e"
  },
  {
    "hash": "0xa65f3d381f825ea660656d6fa021652b556476d467663a54207f8ef2e7172c79",
    "type": "buy",
    "sender": "0xBb7EfF3E685c6564F2F09DD90b6C05754E3BDAC0",
    "recipient": "0x492d8F3b347e412DF4F650AA5CCD415DA994c97b",
    "amount": "2.958969514284517556",
    "amountRaw": "2958969514284517556",
    "price": 0,
    "amountUSD": "0",
    "tokenAddress": "0x760AfE86e5de5fa0Ee542fc7B7B713e1c5425701",
    "tokenSymbol": "NOMA",
    "poolAddress": "0xBb7EfF3E685c6564F2F09DD90b6C05754E3BDAC0",
    "blockNumber": 34878048,
    "gasUsed": "306360",
    "timestamp": "2025-09-03T17:18:33.645Z",
    "id": "7002ab99-8ce2-4448-ae9c-08ee0419089f"
  },
  {
    "hash": "0x927b5aba1197cdf13f54b480e7ae80a9af2376ab16d3be9d88f3ef8cb7dd1f68",
    "type": "buy",
    "sender": "0xBb7EfF3E685c6564F2F09DD90b6C05754E3BDAC0",
    "recipient": "0x492d8F3b347e412DF4F650AA5CCD415DA994c97b",
    "amount": "2.571032627273973883",
    "amountRaw": "2571032627273973883",
    "price": 0,
    "amountUSD": "0",
    "tokenAddress": "0x760AfE86e5de5fa0Ee542fc7B7B713e1c5425701",
    "tokenSymbol": "NOMA",
    "poolAddress": "0xBb7EfF3E685c6564F2F09DD90b6C05754E3BDAC0",
    "blockNumber": 34878105,
    "gasUsed": "306692",
    "timestamp": "2025-09-03T17:18:57.955Z",
    "id": "7edede43-7c25-406c-961c-df6658777811"
  },
  {
    "hash": "0x200ba94f3cd53eef2067ac4238f7de8dad2a95e7061e9874ccc22a370a74d7ee",
    "type": "buy",
    "sender": "0xBb7EfF3E685c6564F2F09DD90b6C05754E3BDAC0",
    "recipient": "0x492d8F3b347e412DF4F650AA5CCD415DA994c97b",
    "amount": "3.211198152695105512",
    "amountRaw": "3211198152695105512",
    "price": 0,
    "amountUSD": "0",
    "tokenAddress": "0x760AfE86e5de5fa0Ee542fc7B7B713e1c5425701",
    "tokenSymbol": "NOMA",
    "poolAddress": "0xBb7EfF3E685c6564F2F09DD90b6C05754E3BDAC0",
    "blockNumber": 34880688,
    "gasUsed": "305571",
    "timestamp": "2025-09-03T17:37:00.781Z",
    "id": "37c3e7af-aad4-48a8-884b-404c69b0ab3c"
  },
  {
    "hash": "0xe3c3b5bde8ce84c07b71bee48c40c0808fc06b75b606d1e9c68a1747b7c14600",
    "type": "buy",
    "sender": "0xBb7EfF3E685c6564F2F09DD90b6C05754E3BDAC0",
    "recipient": "0x492d8F3b347e412DF4F650AA5CCD415DA994c97b",
    "amount": "9.614901097005908836",
    "amountRaw": "9614901097005908836",
    "price": 0,
    "amountUSD": "0",
    "tokenAddress": "0x760AfE86e5de5fa0Ee542fc7B7B713e1c5425701",
    "tokenSymbol": "NOMA",
    "poolAddress": "0xBb7EfF3E685c6564F2F09DD90b6C05754E3BDAC0",
    "blockNumber": 34881142,
    "gasUsed": "336885",
    "timestamp": "2025-09-03T17:40:22.286Z",
    "id": "5e234864-5eff-447c-80f4-166a21dcd152"
  },
  {
    "hash": "0x656e21d156f92598110f26e58d48bd069cc062d5df28bf74b04903aaf460de50",
    "type": "buy",
    "sender": "0xBb7EfF3E685c6564F2F09DD90b6C05754E3BDAC0",
    "recipient": "0xcC91EB5D1AB2D577a64ACD71F0AA9C5cAf35D111",
    "traderAddress": "0xcC91EB5D1AB2D577a64ACD71F0AA9C5cAf35D111",
    "routerSender": "0x492d8F3b347e412DF4F650AA5CCD415DA994c97b",
    "routerRecipient": "0xcC91EB5D1AB2D577a64ACD71F0AA9C5cAf35D111",
    "amount": "7764.14814211424434901",
    "amountRaw": "7764148142114244349010",
    "price": 0.00012843084182511777,
    "amountUSD": "1.00",
    "tokenAddress": "0x760AfE86e5de5fa0Ee542fc7B7B713e1c5425701",
    "tokenSymbol": "NOMA",
    "poolAddress": "0xBb7EfF3E685c6564F2F09DD90b6C05754E3BDAC0",
    "blockNumber": 34884121,
    "gasUsed": "267875",
    "timestamp": "2025-09-03T18:00:45.110Z",
    "id": "fb6b335d-4e1a-4af4-ac57-a7256ec8fca3"
  },
  {
    "hash": "0x894014b8e0df253adeeb6378878193bbe38cba7c6aa7a4f3e39e962de875e03e",
    "type": "buy",
    "sender": "0xBb7EfF3E685c6564F2F09DD90b6C05754E3BDAC0",
    "recipient": "0x98f2243e853afE7D8AC5Ddbc32Ba167E8B5f1bBd",
    "traderAddress": "0x98f2243e853afE7D8AC5Ddbc32Ba167E8B5f1bBd",
    "routerSender": "0x492d8F3b347e412DF4F650AA5CCD415DA994c97b",
    "routerRecipient": "0x98f2243e853afE7D8AC5Ddbc32Ba167E8B5f1bBd",
    "amount": "147073.748575578673080491",
    "amountRaw": "147073748575578673080491",
    "price": 0.00012914826890796004,
    "amountUSD": "18.99",
    "tokenAddress": "0x760AfE86e5de5fa0Ee542fc7B7B713e1c5425701",
    "tokenSymbol": "NOMA",
    "poolAddress": "0xBb7EfF3E685c6564F2F09DD90b6C05754E3BDAC0",
    "blockNumber": 34884356,
    "gasUsed": "298963",
    "timestamp": "2025-09-03T18:02:30.178Z",
    "id": "b9bf5914-eae9-4ea9-acfd-c0e3f04f525e"
  },
  {
    "hash": "0x9376e98a67ff14eaee2682740a87f69491e375abf4db1d39acc92b60392bba13",
    "type": "sell",
    "sender": "0x12e30FcC16B741a08cCf066074F0547F3ce79F32",
    "recipient": "0xBb7EfF3E685c6564F2F09DD90b6C05754E3BDAC0",
    "traderAddress": "0x12e30FcC16B741a08cCf066074F0547F3ce79F32",
    "routerSender": "0x492d8F3b347e412DF4F650AA5CCD415DA994c97b",
    "routerRecipient": "0x12e30FcC16B741a08cCf066074F0547F3ce79F32",
    "amount": "1024.632299999999986539",
    "amountRaw": "1024632299999999986539",
    "price": 0.0001291435176241482,
    "amountUSD": "0.13",
    "tokenAddress": "0x760AfE86e5de5fa0Ee542fc7B7B713e1c5425701",
    "tokenSymbol": "NOMA",
    "poolAddress": "0xBb7EfF3E685c6564F2F09DD90b6C05754E3BDAC0",
    "blockNumber": 34887307,
    "gasUsed": "271145",
    "timestamp": "2025-09-03T18:22:58.905Z",
    "id": "ad5d65ca-d3d5-4bf0-be9c-3a76500e16ff"
  },
  {
    "hash": "0x99974d79d9aa74ce63e83a00368f2f2997615d4deab87ead8e39f4eed88a2ac5",
    "type": "sell",
    "sender": "0xcC91EB5D1AB2D577a64ACD71F0AA9C5cAf35D111",
    "recipient": "0xBb7EfF3E685c6564F2F09DD90b6C05754E3BDAC0",
    "traderAddress": "0xcC91EB5D1AB2D577a64ACD71F0AA9C5cAf35D111",
    "routerSender": "0x492d8F3b347e412DF4F650AA5CCD415DA994c97b",
    "routerRecipient": "0x492d8F3b347e412DF4F650AA5CCD415DA994c97b",
    "amount": "7764.996600000000398722",
    "amountRaw": "7764996600000000398722",
    "price": 0.0001291075193721723,
    "amountUSD": "1.00",
    "tokenAddress": "0x760AfE86e5de5fa0Ee542fc7B7B713e1c5425701",
    "tokenSymbol": "NOMA",
    "poolAddress": "0xBb7EfF3E685c6564F2F09DD90b6C05754E3BDAC0",
    "blockNumber": 34887457,
    "gasUsed": "306602",
    "timestamp": "2025-09-03T18:24:06.040Z",
    "id": "cf96c5b7-7024-4433-a9b8-672b94f8a8f0"
  },
  {
    "hash": "0x32020169ec68b794ef60caf3edb3c70f901eb13f937c85baf106d6fb19c51adb",
    "type": "sell",
    "sender": "0x98f2243e853afE7D8AC5Ddbc32Ba167E8B5f1bBd",
    "recipient": "0xBb7EfF3E685c6564F2F09DD90b6C05754E3BDAC0",
    "traderAddress": "0x98f2243e853afE7D8AC5Ddbc32Ba167E8B5f1bBd",
    "routerSender": "0x492d8F3b347e412DF4F650AA5CCD415DA994c97b",
    "routerRecipient": "0x492d8F3b347e412DF4F650AA5CCD415DA994c97b",
    "amount": "197176.176000000006752089",
    "amountRaw": "197176176000000006752089",
    "price": 0.00012813384907137102,
    "amountUSD": "25.26",
    "tokenAddress": "0x760AfE86e5de5fa0Ee542fc7B7B713e1c5425701",
    "tokenSymbol": "NOMA",
    "poolAddress": "0xBb7EfF3E685c6564F2F09DD90b6C05754E3BDAC0",
    "blockNumber": 34887580,
    "gasUsed": "336781",
    "timestamp": "2025-09-03T18:24:48.414Z",
    "id": "ccc72fd9-fd4e-465b-87e0-e0790e4999e1"
  },
  {
    "hash": "0xe6bab8df785b1f203044a408485772a8cd8763fa484afcaffabeee6b9e4e7182",
    "type": "sell",
    "sender": "0x54302450bc0C3779bB2669F705afD5DEE19d64B5",
    "recipient": "0xBb7EfF3E685c6564F2F09DD90b6C05754E3BDAC0",
    "traderAddress": "0x54302450bc0C3779bB2669F705afD5DEE19d64B5",
    "routerSender": "0xf1F3b64305E5cC19a949e256f029AfBDbf63e15e",
    "routerRecipient": "0xf1F3b64305E5cC19a949e256f029AfBDbf63e15e",
    "amount": "4910.859570590686416836",
    "amountRaw": "4910859570590686416836",
    "price": 0.00012810875492026672,
    "amountUSD": "0.63",
    "tokenAddress": "0x760AfE86e5de5fa0Ee542fc7B7B713e1c5425701",
    "tokenSymbol": "NOMA",
    "poolAddress": "0xBb7EfF3E685c6564F2F09DD90b6C05754E3BDAC0",
    "blockNumber": 34910829,
    "gasUsed": "463935",
    "timestamp": "2025-09-03T21:06:20.672Z",
    "id": "ca156559-0f8c-47b5-9f87-b042dee10f9d"
  },
  {
    "hash": "0x45f3c77a13c99dd25d6e820ecf959d2e6544c41adb4a09d28777ab5f3024bbd3",
    "type": "sell",
    "sender": "0x54302450bc0C3779bB2669F705afD5DEE19d64B5",
    "recipient": "0xBb7EfF3E685c6564F2F09DD90b6C05754E3BDAC0",
    "traderAddress": "0x54302450bc0C3779bB2669F705afD5DEE19d64B5",
    "routerSender": "0xf1F3b64305E5cC19a949e256f029AfBDbf63e15e",
    "routerRecipient": "0xf1F3b64305E5cC19a949e256f029AfBDbf63e15e",
    "amount": "7813.0",
    "amountRaw": "7813000000000000000000",
    "price": 0.00012806884622432353,
    "amountUSD": "1.00",
    "tokenAddress": "0x760AfE86e5de5fa0Ee542fc7B7B713e1c5425701",
    "tokenSymbol": "NOMA",
    "poolAddress": "0xBb7EfF3E685c6564F2F09DD90b6C05754E3BDAC0",
    "blockNumber": 34950583,
    "gasUsed": "463927",
    "timestamp": "2025-09-04T01:42:33.505Z",
    "id": "13e00a51-e405-4725-bfef-c57d62189920"
  },
  {
    "hash": "0xc3f2fd027eb14b06abe9774c8027d43dcb3328e1de6d5948bcbb8829aa4f0263",
    "type": "sell",
    "sender": "0x98f2243e853afE7D8AC5Ddbc32Ba167E8B5f1bBd",
    "recipient": "0x90666407c841fe58358F3ed04a245c5F5bd6fD0A",
    "traderAddress": "0x98f2243e853afE7D8AC5Ddbc32Ba167E8B5f1bBd",
    "routerSender": "0xD82D7Bdd614bA07527351DE627C558Adbd0f7caE",
    "routerRecipient": "0x98f2243e853afE7D8AC5Ddbc32Ba167E8B5f1bBd",
    "amount": "10.0",
    "amountRaw": "10000000000000000000",
    "price": 0.00004710424079847466,
    "amountUSD": "0.00",
    "tokenAddress": "0x760AfE86e5de5fa0Ee542fc7B7B713e1c5425701",
    "tokenSymbol": "NOMA",
    "poolAddress": "0x90666407c841fe58358F3ed04a245c5F5bd6fD0A",
    "poolName": "BUN/WMON Uniswap",
    "protocol": "uniswap",
    "blockNumber": 36192988,
    "gasUsed": "212880",
    "timestamp": "2025-09-10T02:46:04.283Z",
    "id": "59c7fd5a-4269-4db3-972d-235a25015de3"
  },
  {
    "hash": "0xbef086b58446844e0004ead9653d9b0a03a09f009642673243836f46e6ac3a66",
    "type": "sell",
    "sender": "0x12e30FcC16B741a08cCf066074F0547F3ce79F32",
    "recipient": "0x90666407c841fe58358F3ed04a245c5F5bd6fD0A",
    "traderAddress": "0x12e30FcC16B741a08cCf066074F0547F3ce79F32",
    "routerSender": "0xD82D7Bdd614bA07527351DE627C558Adbd0f7caE",
    "routerRecipient": "0x12e30FcC16B741a08cCf066074F0547F3ce79F32",
    "amount": "2958.670108395556791149",
    "amountRaw": "2958670108395556791149",
    "price": 0.000047105076693678044,
    "amountUSD": "0.14",
    "tokenAddress": "0x0221668890fdad280767B5c7f2d2C78eC62eF94D",
    "tokenSymbol": "BUN",
    "poolAddress": "0x90666407c841fe58358F3ed04a245c5F5bd6fD0A",
    "poolName": "BUN/WMON Uniswap",
    "protocol": "uniswap",
    "blockNumber": 36195011,
    "gasUsed": "222920",
    "timestamp": "2025-09-10T03:00:40.456Z",
    "id": "4ed1f859-ef71-4ce8-87fa-60c3821b62dd"
  },
  {
    "hash": "0x7eb0f2c9a453063d9bfe5d508aadff6c3d815df61df08bcafca4cb0a8d0d26d1",
    "type": "buy",
    "sender": "0x90666407c841fe58358F3ed04a245c5F5bd6fD0A",
    "recipient": "0x98f2243e853afE7D8AC5Ddbc32Ba167E8B5f1bBd",
    "traderAddress": "0x98f2243e853afE7D8AC5Ddbc32Ba167E8B5f1bBd",
    "routerSender": "0xD82D7Bdd614bA07527351DE627C558Adbd0f7caE",
    "routerRecipient": "0xD82D7Bdd614bA07527351DE627C558Adbd0f7caE",
    "amount": "200000.0",
    "amountRaw": "200000000000000000000000",
    "price": 0.000047048791157418943,
    "amountUSD": "200000.00",
    "tokenAddress": "0x0221668890fdad280767B5c7f2d2C78eC62eF94D",
    "tokenSymbol": "BUN",
    "poolAddress": "0x90666407c841fe58358F3ed04a245c5F5bd6fD0A",
    "poolName": "BUN/WMON Uniswap",
    "protocol": "uniswap",
    "blockNumber": 36195212,
    "gasUsed": "248621",
    "timestamp": "2025-09-10T03:02:00.338Z",
    "id": "509703dc-33b7-4d7f-8dbd-bfafd8bc20f7"
  },
  {
    "hash": "0x54c687aba0c79796a664d99b0a12a0a7ce0256d090fa388460d87e59200d02de",
    "type": "sell",
    "sender": "0x54302450bc0C3779bB2669F705afD5DEE19d64B5",
    "recipient": "0x90666407c841fe58358F3ed04a245c5F5bd6fD0A",
    "traderAddress": "0x54302450bc0C3779bB2669F705afD5DEE19d64B5",
    "routerSender": "0xD82D7Bdd614bA07527351DE627C558Adbd0f7caE",
    "routerRecipient": "0x54302450bc0C3779bB2669F705afD5DEE19d64B5",
    "amount": "21189.421849413357613643",
    "amountRaw": "21189421849413357613643",
    "price": 0.00004705476759902363,
    "amountUSD": "1.00",
    "tokenAddress": "0x0221668890fdad280767B5c7f2d2C78eC62eF94D",
    "tokenSymbol": "BUN",
    "poolAddress": "0x90666407c841fe58358F3ed04a245c5F5bd6fD0A",
    "poolName": "BUN/WMON Uniswap",
    "protocol": "uniswap",
    "blockNumber": 36196359,
    "gasUsed": "319272",
    "timestamp": "2025-09-10T03:10:27.823Z",
    "id": "eeac4177-42c1-4a4d-b707-0551d756b25a"
  },
  {
    "hash": "0x737454cc6bcea3d965f9400a3ce134ccf2642a46410e2e7dacb77aaf4b140853",
    "type": "sell",
    "sender": "0x54302450bc0C3779bB2669F705afD5DEE19d64B5",
    "recipient": "0x90666407c841fe58358F3ed04a245c5F5bd6fD0A",
    "traderAddress": "0x54302450bc0C3779bB2669F705afD5DEE19d64B5",
    "routerSender": "0xD82D7Bdd614bA07527351DE627C558Adbd0f7caE",
    "routerRecipient": "0x54302450bc0C3779bB2669F705afD5DEE19d64B5",
    "amount": "10593.701696400151982669",
    "amountRaw": "10593701696400151982669",
    "price": 0.000047057755962160614,
    "amountUSD": "0.50",
    "tokenAddress": "0x0221668890fdad280767B5c7f2d2C78eC62eF94D",
    "tokenSymbol": "BUN",
    "poolAddress": "0x90666407c841fe58358F3ed04a245c5F5bd6fD0A",
    "poolName": "BUN/WMON Uniswap",
    "protocol": "uniswap",
    "blockNumber": 36196470,
    "gasUsed": "309178",
    "timestamp": "2025-09-10T03:11:13.928Z",
    "id": "21802564-890d-4553-b11b-c2df411a2df5"
  },
  {
    "hash": "0xbbd4f2a42ea5aed49484180166edacc93cfe543c80c3dbc67334e6ea82d48695",
    "type": "sell",
    "sender": "0x54302450bc0C3779bB2669F705afD5DEE19d64B5",
    "recipient": "0x90666407c841fe58358F3ed04a245c5F5bd6fD0A",
    "traderAddress": "0x54302450bc0C3779bB2669F705afD5DEE19d64B5",
    "routerSender": "0xD82D7Bdd614bA07527351DE627C558Adbd0f7caE",
    "routerRecipient": "0x54302450bc0C3779bB2669F705afD5DEE19d64B5",
    "amount": "84740.590958379586495682",
    "amountRaw": "84740590958379586495682",
    "price": 0.000047073227600933605,
    "amountUSD": "4.00",
    "tokenAddress": "0x0221668890fdad280767B5c7f2d2C78eC62eF94D",
    "tokenSymbol": "BUN",
    "poolAddress": "0x90666407c841fe58358F3ed04a245c5F5bd6fD0A",
    "poolName": "BUN/WMON Uniswap",
    "protocol": "uniswap",
    "blockNumber": 36196697,
    "gasUsed": "319266",
    "timestamp": "2025-09-10T03:12:51.201Z",
    "id": "7a6b56bc-e077-4f9c-911a-7ffb3f0eb2c6"
  },
  {
    "hash": "0x42539670b1842c39faf9088717d15da391826fba75cbe34850c0417908238ebc",
    "type": "sell",
    "sender": "0x98f2243e853afE7D8AC5Ddbc32Ba167E8B5f1bBd",
    "recipient": "0x8Eb5C457F7a29554536Dc964B3FaDA2961Dd8212",
    "traderAddress": "0x98f2243e853afE7D8AC5Ddbc32Ba167E8B5f1bBd",
    "routerSender": "0xD82D7Bdd614bA07527351DE627C558Adbd0f7caE",
    "routerRecipient": "0x98f2243e853afE7D8AC5Ddbc32Ba167E8B5f1bBd",
    "amount": "6388080.472537493736562152",
    "amountRaw": "6388080472537493736562152",
    "price": 0.000003129661119442163,
    "amountUSD": "20.00",
    "tokenAddress": "0x6b44B01922BCeF8A6db75B3147FB604c37a78b7F",
    "tokenSymbol": "AVO",
    "poolAddress": "0x8Eb5C457F7a29554536Dc964B3FaDA2961Dd8212",
    "poolName": "AVO/WMON PancakeSwap",
    "protocol": "pancakeswap",
    "blockNumber": 36196675,
    "gasUsed": "226780",
    "timestamp": "2025-09-10T03:12:53.361Z",
    "id": "a25d0047-5090-45a4-af4f-49ca76168489"
  },
  {
    "hash": "0x76746226c6cbadf2b3d4d1e72da6702315565f10bae20e83b678cc191a080d94",
    "type": "sell",
    "sender": "0x98f2243e853afE7D8AC5Ddbc32Ba167E8B5f1bBd",
    "recipient": "0x8Eb5C457F7a29554536Dc964B3FaDA2961Dd8212",
    "traderAddress": "0x98f2243e853afE7D8AC5Ddbc32Ba167E8B5f1bBd",
    "routerSender": "0xD82D7Bdd614bA07527351DE627C558Adbd0f7caE",
    "routerRecipient": "0x98f2243e853afE7D8AC5Ddbc32Ba167E8B5f1bBd",
    "amount": "3745282.129479377882282018",
    "amountRaw": "3745282129479377882282018",
    "price": 0.000003276062993339901,
    "amountUSD": "12.00",
    "tokenAddress": "0x6b44B01922BCeF8A6db75B3147FB604c37a78b7F",
    "tokenSymbol": "AVO",
    "poolAddress": "0x8Eb5C457F7a29554536Dc964B3FaDA2961Dd8212",
    "poolName": "AVO/WMON PancakeSwap",
    "protocol": "pancakeswap",
    "blockNumber": 36196755,
    "gasUsed": "257235",
    "timestamp": "2025-09-10T03:13:23.637Z",
    "id": "d0b32b31-4903-458a-8944-1f2d99df17d5"
  },
  {
    "hash": "0x1efe743850a9e95b562acee2d1b6af15a92ff38cff3ea58e1b523e0dfe1a1e51",
    "type": "buy",
    "sender": "0x90666407c841fe58358F3ed04a245c5F5bd6fD0A",
    "recipient": "0x54302450bc0C3779bB2669F705afD5DEE19d64B5",
    "traderAddress": "0x54302450bc0C3779bB2669F705afD5DEE19d64B5",
    "routerSender": "0xD82D7Bdd614bA07527351DE627C558Adbd0f7caE",
    "routerRecipient": "0xD82D7Bdd614bA07527351DE627C558Adbd0f7caE",
    "amount": "70000.0",
    "amountRaw": "70000000000000000000000",
    "price": 0.00004705353616530615,
    "amountUSD": "70000.00",
    "tokenAddress": "0x0221668890fdad280767B5c7f2d2C78eC62eF94D",
    "tokenSymbol": "BUN",
    "poolAddress": "0x90666407c841fe58358F3ed04a245c5F5bd6fD0A",
    "poolName": "BUN/WMON Uniswap",
    "protocol": "uniswap",
    "blockNumber": 36196999,
    "gasUsed": "372688",
    "timestamp": "2025-09-10T03:15:03.805Z",
    "id": "5a4f83bd-1a00-4794-ac3e-6808ab215449"
  },
  {
    "hash": "0x2cd2dc468dff49e843ab93af47c0379fd13306f5acbecb822ca3241352201cb3",
    "type": "sell",
    "sender": "0x54302450bc0C3779bB2669F705afD5DEE19d64B5",
    "recipient": "0x8Eb5C457F7a29554536Dc964B3FaDA2961Dd8212",
    "traderAddress": "0x54302450bc0C3779bB2669F705afD5DEE19d64B5",
    "routerSender": "0xD82D7Bdd614bA07527351DE627C558Adbd0f7caE",
    "routerRecipient": "0x54302450bc0C3779bB2669F705afD5DEE19d64B5",
    "amount": "605147.492150724539389455",
    "amountRaw": "605147492150724539389455",
    "price": 0.000003318740832868407,
    "amountUSD": "2.00",
    "tokenAddress": "0x6b44B01922BCeF8A6db75B3147FB604c37a78b7F",
    "tokenSymbol": "AVO",
    "poolAddress": "0x8Eb5C457F7a29554536Dc964B3FaDA2961Dd8212",
    "poolName": "AVO/WMON PancakeSwap",
    "protocol": "pancakeswap",
    "blockNumber": 36197177,
    "gasUsed": "421857",
    "timestamp": "2025-09-10T03:16:30.723Z",
    "id": "5eb9d898-f9a4-4cbf-bd56-246237b88c46"
  },
  {
    "hash": "0x37edd4d5c031c9ba6e7fc9441a84900dc6d12a5b97feccc83eb77f539b13d61d",
    "type": "sell",
    "sender": "0x54302450bc0C3779bB2669F705afD5DEE19d64B5",
    "recipient": "0x8Eb5C457F7a29554536Dc964B3FaDA2961Dd8212",
    "traderAddress": "0x54302450bc0C3779bB2669F705afD5DEE19d64B5",
    "routerSender": "0xD82D7Bdd614bA07527351DE627C558Adbd0f7caE",
    "routerRecipient": "0x54302450bc0C3779bB2669F705afD5DEE19d64B5",
    "amount": "299993.435237373147046979",
    "amountRaw": "299993435237373147046979",
    "price": 0.00000333141677010229,
    "amountUSD": "1.00",
    "tokenAddress": "0x6b44B01922BCeF8A6db75B3147FB604c37a78b7F",
    "tokenSymbol": "AVO",
    "poolAddress": "0x8Eb5C457F7a29554536Dc964B3FaDA2961Dd8212",
    "poolName": "AVO/WMON PancakeSwap",
    "protocol": "pancakeswap",
    "blockNumber": 36197495,
    "gasUsed": "339661",
    "timestamp": "2025-09-10T03:18:39.106Z",
    "id": "2c4ff719-a4d2-438f-8106-4ac515464ad9"
  },
  {
    "hash": "0xed3539a11a88239996499bc9c7b1d4c073a2cb1862e7f8da2d7b9f801d6b415b",
    "type": "sell",
    "sender": "0x54302450bc0C3779bB2669F705afD5DEE19d64B5",
    "recipient": "0x8Eb5C457F7a29554536Dc964B3FaDA2961Dd8212",
    "traderAddress": "0x54302450bc0C3779bB2669F705afD5DEE19d64B5",
    "routerSender": "0xD82D7Bdd614bA07527351DE627C558Adbd0f7caE",
    "routerRecipient": "0x54302450bc0C3779bB2669F705afD5DEE19d64B5",
    "amount": "298853.053288934543376557",
    "amountRaw": "298853053288934543376557",
    "price": 0.0000033441168690989906,
    "amountUSD": "1.00",
    "tokenAddress": "0x6b44B01922BCeF8A6db75B3147FB604c37a78b7F",
    "tokenSymbol": "AVO",
    "poolAddress": "0x8Eb5C457F7a29554536Dc964B3FaDA2961Dd8212",
    "poolName": "AVO/WMON PancakeSwap",
    "protocol": "pancakeswap",
    "blockNumber": 36197743,
    "gasUsed": "339628",
    "timestamp": "2025-09-10T03:20:20.160Z",
    "id": "75607ceb-d400-47a5-8778-1d287089f53e"
  },
  {
    "hash": "0x6f4e8b087e711c04ce73d3b0bfd884aab20cc5cf938d69991e201a06f2b8ce16",
    "type": "buy",
    "sender": "0x8Eb5C457F7a29554536Dc964B3FaDA2961Dd8212",
    "recipient": "0x54302450bc0C3779bB2669F705afD5DEE19d64B5",
    "traderAddress": "0x54302450bc0C3779bB2669F705afD5DEE19d64B5",
    "routerSender": "0xD82D7Bdd614bA07527351DE627C558Adbd0f7caE",
    "routerRecipient": "0xD82D7Bdd614bA07527351DE627C558Adbd0f7caE",
    "amount": "600000.0",
    "amountRaw": "600000000000000000000000",
    "price": 0.000003318755431653008,
    "amountUSD": "600000.00",
    "tokenAddress": "0x6b44B01922BCeF8A6db75B3147FB604c37a78b7F",
    "tokenSymbol": "AVO",
    "poolAddress": "0x8Eb5C457F7a29554536Dc964B3FaDA2961Dd8212",
    "poolName": "AVO/WMON PancakeSwap",
    "protocol": "pancakeswap",
    "blockNumber": 36197885,
    "gasUsed": "398044",
    "timestamp": "2025-09-10T03:21:32.556Z",
    "id": "152f44c8-c5da-444f-9336-8a2e7c983ac6"
  },
  {
    "hash": "0x42cd760592d1bea671be431113a1e44fc6ce1e35b47025bcaa9d446705da4041",
    "type": "buy",
    "sender": "0x8Eb5C457F7a29554536Dc964B3FaDA2961Dd8212",
    "recipient": "0x12e30FcC16B741a08cCf066074F0547F3ce79F32",
    "traderAddress": "0x12e30FcC16B741a08cCf066074F0547F3ce79F32",
    "routerSender": "0xD82D7Bdd614bA07527351DE627C558Adbd0f7caE",
    "routerRecipient": "0x12e30FcC16B741a08cCf066074F0547F3ce79F32",
    "amount": "128811.383617594139650464",
    "amountRaw": "128811383617594139650464",
    "price": 0.0000033133483199077616,
    "amountUSD": "128811.38",
    "tokenAddress": "0x6b44B01922BCeF8A6db75B3147FB604c37a78b7F",
    "tokenSymbol": "AVO",
    "poolAddress": "0x8Eb5C457F7a29554536Dc964B3FaDA2961Dd8212",
    "poolName": "AVO/WMON PancakeSwap",
    "protocol": "pancakeswap",
    "blockNumber": 36198731,
    "gasUsed": "246311",
    "timestamp": "2025-09-10T03:27:46.176Z",
    "id": "24c37846-ab4c-4630-bd47-83098ecd7684"
  },
  {
    "hash": "0xdf73d48b8e45b3fcefc146c1848a8d1cffbcb216fde846e9528a65ad2ebb9368",
    "type": "buy",
    "sender": "0x8Eb5C457F7a29554536Dc964B3FaDA2961Dd8212",
    "recipient": "0x98f2243e853afE7D8AC5Ddbc32Ba167E8B5f1bBd",
    "traderAddress": "0x98f2243e853afE7D8AC5Ddbc32Ba167E8B5f1bBd",
    "routerSender": "0xD82D7Bdd614bA07527351DE627C558Adbd0f7caE",
    "routerRecipient": "0xD82D7Bdd614bA07527351DE627C558Adbd0f7caE",
    "amount": "5000000.0",
    "amountRaw": "5000000000000000000000000",
    "price": 0.0000031280634174293868,
    "amountUSD": "5000000.00",
    "tokenAddress": "0x6b44B01922BCeF8A6db75B3147FB604c37a78b7F",
    "tokenSymbol": "AVO",
    "poolAddress": "0x8Eb5C457F7a29554536Dc964B3FaDA2961Dd8212",
    "poolName": "AVO/WMON PancakeSwap",
    "protocol": "pancakeswap",
    "blockNumber": 36203308,
    "gasUsed": "341036",
    "timestamp": "2025-09-10T04:00:52.378Z",
    "id": "839c66d2-4e9f-48b1-b7b2-964675712318"
  },
  {
    "hash": "0xa9e5410015a64f725c29e0798dd5b6a414a26acc2ce88e61bc9f1bcb4fa71b18",
    "type": "buy",
    "sender": "0x8Eb5C457F7a29554536Dc964B3FaDA2961Dd8212",
    "recipient": "0x98f2243e853afE7D8AC5Ddbc32Ba167E8B5f1bBd",
    "traderAddress": "0x98f2243e853afE7D8AC5Ddbc32Ba167E8B5f1bBd",
    "routerSender": "0xD82D7Bdd614bA07527351DE627C558Adbd0f7caE",
    "routerRecipient": "0xD82D7Bdd614bA07527351DE627C558Adbd0f7caE",
    "amount": "5000000.0",
    "amountRaw": "5000000000000000000000000",
    "price": 0.0000031176798399218743,
    "amountUSD": "5000000.00",
    "tokenAddress": "0x6b44B01922BCeF8A6db75B3147FB604c37a78b7F",
    "tokenSymbol": "AVO",
    "poolAddress": "0x8Eb5C457F7a29554536Dc964B3FaDA2961Dd8212",
    "poolName": "AVO/WMON PancakeSwap",
    "protocol": "pancakeswap",
    "blockNumber": 36203680,
    "gasUsed": "262208",
    "timestamp": "2025-09-10T04:03:25.850Z",
    "id": "256e1a76-9e4c-4de9-a7ff-65c222717fa7"
  },
  {
    "hash": "0x24a2c31debadf99236a4e0167bfcfe6264b21b2baf9d5ffe5456c6e3dd1d79da",
    "type": "buy",
    "sender": "0x8Eb5C457F7a29554536Dc964B3FaDA2961Dd8212",
    "recipient": "0x98f2243e853afE7D8AC5Ddbc32Ba167E8B5f1bBd",
    "traderAddress": "0x98f2243e853afE7D8AC5Ddbc32Ba167E8B5f1bBd",
    "routerSender": "0xD82D7Bdd614bA07527351DE627C558Adbd0f7caE",
    "routerRecipient": "0xD82D7Bdd614bA07527351DE627C558Adbd0f7caE",
    "amount": "100000.0",
    "amountRaw": "100000000000000000000000",
    "price": 0.0000031174726960037768,
    "amountUSD": "100000.00",
    "tokenAddress": "0x6b44B01922BCeF8A6db75B3147FB604c37a78b7F",
    "tokenSymbol": "AVO",
    "poolAddress": "0x8Eb5C457F7a29554536Dc964B3FaDA2961Dd8212",
    "poolName": "AVO/WMON PancakeSwap",
    "protocol": "pancakeswap",
    "blockNumber": 36203863,
    "gasUsed": "262280",
    "timestamp": "2025-09-10T04:04:53.240Z",
    "id": "9f18a7c4-05c0-4388-a13f-57fc275b0174"
  },
  {
    "hash": "0xc07e6868d9605f4befd8ee3f5c30310229af4c30a38c9707929895077fb3bac3",
    "type": "sell",
    "sender": "0x50440B6EEDF99f0C920eDbE98A329CFdD2592Fd7",
    "recipient": "0x90666407c841fe58358F3ed04a245c5F5bd6fD0A",
    "traderAddress": "0x50440B6EEDF99f0C920eDbE98A329CFdD2592Fd7",
    "routerSender": "0xD82D7Bdd614bA07527351DE627C558Adbd0f7caE",
    "routerRecipient": "0x50440B6EEDF99f0C920eDbE98A329CFdD2592Fd7",
    "amount": "211751.827422908429879911",
    "amountRaw": "211751827422908429879911",
    "price": 0.00004711332067504508,
    "amountUSD": "10.00",
    "tokenAddress": "0x0221668890fdad280767B5c7f2d2C78eC62eF94D",
    "tokenSymbol": "BUN",
    "poolAddress": "0x90666407c841fe58358F3ed04a245c5F5bd6fD0A",
    "poolName": "BUN/WMON Uniswap",
    "protocol": "uniswap",
    "blockNumber": 36204387,
    "gasUsed": "212906",
    "timestamp": "2025-09-10T04:08:35.957Z",
    "id": "9b027af7-ad45-420b-b2b7-aff305ccb7f5"
  },
  {
    "hash": "0x5b1d5019e40a3ac7bf92bd2b0b65e9de42560c09afc6e55513fcde71310c2a33",
    "type": "buy",
    "sender": "0x90666407c841fe58358F3ed04a245c5F5bd6fD0A",
    "recipient": "0x50440B6EEDF99f0C920eDbE98A329CFdD2592Fd7",
    "traderAddress": "0x50440B6EEDF99f0C920eDbE98A329CFdD2592Fd7",
    "routerSender": "0xD82D7Bdd614bA07527351DE627C558Adbd0f7caE",
    "routerRecipient": "0xD82D7Bdd614bA07527351DE627C558Adbd0f7caE",
    "amount": "211751.827500000013969839",
    "amountRaw": "211751827500000013969839",
    "price": 0.00004705371534859615,
    "amountUSD": "211751.83",
    "tokenAddress": "0x0221668890fdad280767B5c7f2d2C78eC62eF94D",
    "tokenSymbol": "BUN",
    "poolAddress": "0x90666407c841fe58358F3ed04a245c5F5bd6fD0A",
    "poolName": "BUN/WMON Uniswap",
    "protocol": "uniswap",
    "blockNumber": 36204548,
    "gasUsed": "248849",
    "timestamp": "2025-09-10T04:09:49.093Z",
    "id": "185f7172-7296-4f67-b617-8a555d5772c7"
  },
  {
    "hash": "0xb203c00c640ae570d1bd2b16257f707e80c1c4ed57691792551f0aa78dbc5e21",
    "type": "sell",
    "sender": "0x98f2243e853afE7D8AC5Ddbc32Ba167E8B5f1bBd",
    "recipient": "0x90666407c841fe58358F3ed04a245c5F5bd6fD0A",
    "traderAddress": "0x98f2243e853afE7D8AC5Ddbc32Ba167E8B5f1bBd",
    "routerSender": "0xD82D7Bdd614bA07527351DE627C558Adbd0f7caE",
    "routerRecipient": "0x98f2243e853afE7D8AC5Ddbc32Ba167E8B5f1bBd",
    "amount": "465497.718700549385939119",
    "amountRaw": "465497718700549385939119",
    "price": 0.00004718529162216249,
    "amountUSD": "22.00",
    "tokenAddress": "0x0221668890fdad280767B5c7f2d2C78eC62eF94D",
    "tokenSymbol": "BUN",
    "poolAddress": "0x90666407c841fe58358F3ed04a245c5F5bd6fD0A",
    "poolName": "BUN/WMON Uniswap",
    "protocol": "uniswap",
    "blockNumber": 36205190,
    "gasUsed": "212999",
    "timestamp": "2025-09-10T04:14:19.912Z",
    "id": "eca7f859-4707-4165-9c71-29f18ac1b33a"
  },
  {
    "hash": "0xf402ffb74a39c5bd91fb36085ad0d1f85e2d8ae2a924d7f9286d3f2dd2cfb1df",
    "type": "buy",
    "sender": "0x90666407c841fe58358F3ed04a245c5F5bd6fD0A",
    "recipient": "0x98f2243e853afE7D8AC5Ddbc32Ba167E8B5f1bBd",
    "traderAddress": "0x98f2243e853afE7D8AC5Ddbc32Ba167E8B5f1bBd",
    "routerSender": "0xD82D7Bdd614bA07527351DE627C558Adbd0f7caE",
    "routerRecipient": "0xD82D7Bdd614bA07527351DE627C558Adbd0f7caE",
    "amount": "478000.0",
    "amountRaw": "478000000000000000000000",
    "price": 0.000047050593520715836,
    "amountUSD": "478000.00",
    "tokenAddress": "0x0221668890fdad280767B5c7f2d2C78eC62eF94D",
    "tokenSymbol": "BUN",
    "poolAddress": "0x90666407c841fe58358F3ed04a245c5F5bd6fD0A",
    "poolName": "BUN/WMON Uniswap",
    "protocol": "uniswap",
    "blockNumber": 36205228,
    "gasUsed": "249060",
    "timestamp": "2025-09-10T04:14:35.493Z",
    "id": "2394097f-43b8-4599-afd4-dff73dde532f"
  },
  {
    "hash": "0x052ab970109294ff4c482498f2729e59de7752c4028b04887b94d1b06fb17c1a",
    "type": "buy",
    "sender": "0x8Eb5C457F7a29554536Dc964B3FaDA2961Dd8212",
    "recipient": "0x98f2243e853afE7D8AC5Ddbc32Ba167E8B5f1bBd",
    "traderAddress": "0x98f2243e853afE7D8AC5Ddbc32Ba167E8B5f1bBd",
    "routerSender": "0xD82D7Bdd614bA07527351DE627C558Adbd0f7caE",
    "routerRecipient": "0xD82D7Bdd614bA07527351DE627C558Adbd0f7caE",
    "amount": "39869.906019097215903457",
    "amountRaw": "39869906019097215903457",
    "price": 0.000003117390113674572,
    "amountUSD": "39869.91",
    "tokenAddress": "0x6b44B01922BCeF8A6db75B3147FB604c37a78b7F",
    "tokenSymbol": "AVO",
    "poolAddress": "0x8Eb5C457F7a29554536Dc964B3FaDA2961Dd8212",
    "poolName": "AVO/WMON PancakeSwap",
    "protocol": "pancakeswap",
    "blockNumber": 36205383,
    "gasUsed": "255338",
    "timestamp": "2025-09-10T04:15:47.730Z",
    "id": "03d7521f-686c-4ca5-b797-87b0b0b34830"
  }
]